Region,Country,Item Type,Sales Channel,Order Priority,Order Date,Order ID,Ship Date,Units Sold,Unit Price,Unit Cost,Total Revenue,Total Cost,Total Profit
Central America and the Caribbean,Antigua and Barbuda ,Baby Food,Online,M,12/20/2013,957081544,01-11-2014,552,255.28,159.42,140914.56,87999.84,52914.72
Central America and the Caribbean,Panama,Snacks,Offline,C,07-05-2010,301644504,7/26/2010,2167,152.58,97.44,330640.86,211152.48,119488.38
Europe,Czech Republic,Beverages,Offline,C,09-12-2011,478051030,9/29/2011,4778,47.45,31.79,226716.1,151892.62,74823.48
Asia,North Korea,Cereal,Offline,L,5/13/2010,892599952,6/15/2010,9016,205.7,117.11,1854591.2,1055863.76,798727.44
Asia,Sri Lanka,Snacks,Offline,C,7/20/2015,571902596,7/27/2015,7542,152.58,97.44,1150758.36,734892.48,415865.88
Middle East and North Africa,Morocco,Personal Care,Offline,L,11-08-2010,412882792,11/22/2010,48,81.73,56.67,3923.04,2720.16,1202.88
Australia and Oceania,Federated States of Micronesia,Clothes,Offline,H,3/28/2011,932776868,05-10-2011,8258,109.28,35.84,902434.24,295966.72,606467.52
Europe,Bosnia and Herzegovina,Clothes,Online,M,10/14/2013,919133651,11-04-2013,927,109.28,35.84,101302.56,33223.68,68078.88
Middle East and North Africa,Afghanistan,Clothes,Offline,M,8/27/2016,579814469,10-05-2016,8841,109.28,35.84,966144.48,316861.44,649283.04
Sub-Saharan Africa,Ethiopia,Baby Food,Online,M,4/13/2015,192993152,05-07-2015,9817,255.28,159.42,2506083.76,1565026.14,941057.62
Middle East and North Africa,Turkey,Office Supplies,Offline,C,9/25/2013,557156026,10/15/2013,3704,651.21,524.96,2412081.84,1944451.84,467630
Middle East and North Africa,Oman,Cosmetics,Online,M,05-12-2013,741101920,5/17/2013,7382,437.2,263.33,3227410.4,1943902.06,1283508.34
Asia,Malaysia,Cereal,Offline,L,7/31/2016,333942162,8/25/2016,9762,205.7,117.11,2008043.4,1143227.82,864815.58
Central America and the Caribbean,Saint Lucia,Cosmetics,Offline,H,07-06-2015,795100581,7/16/2015,6786,437.2,263.33,2966839.2,1786957.38,1179881.82
Central America and the Caribbean,Saint Vincent and the Grenadines,Baby Food,Online,L,11/28/2010,504313504,12-03-2010,6428,255.28,159.42,1640939.84,1024751.76,616188.08
Middle East and North Africa,Lebanon,Meat,Offline,H,12/17/2015,611629760,1/31/2016,3693,421.89,364.69,1558039.77,1346800.17,211239.6
Europe,Austria,Cereal,Offline,C,8/13/2014,987410676,09-06-2014,5616,205.7,117.11,1155211.2,657689.76,497521.44
Europe,Bulgaria,Office Supplies,Online,L,10/31/2010,672330081,11/29/2010,6266,651.21,524.96,4080481.86,3289399.36,791082.5
North America,Mexico,Beverages,Online,C,3/13/2017,127374303,3/20/2017,1742,47.45,31.79,82657.9,55378.18,27279.72
Central America and the Caribbean,Trinidad and Tobago,Baby Food,Offline,C,4/16/2013,783842170,06-01-2013,5172,255.28,159.42,1320308.16,824520.24,495787.92
Middle East and North Africa,Libya,Beverages,Offline,L,1/18/2010,993345010,03-03-2010,1718,47.45,31.79,81519.1,54615.22,26903.88
Middle East and North Africa,Algeria,Baby Food,Offline,M,09-05-2015,977806651,10/14/2015,3572,255.28,159.42,911860.16,569448.24,342411.92
Europe,Estonia,Fruits,Online,L,9/28/2016,579463422,11-01-2016,4958,9.33,6.92,46258.14,34309.36,11948.78
Australia and Oceania,Tuvalu,Beverages,Offline,L,3/22/2012,610864150,04-07-2012,7132,47.45,31.79,338413.4,226726.28,111687.12
Middle East and North Africa,Saudi Arabia,Snacks,Offline,L,4/25/2017,604870164,06-05-2017,3378,152.58,97.44,515415.24,329152.32,186262.92
Central America and the Caribbean,Cuba,Cereal,Online,H,3/13/2014,164655292,05-01-2014,4015,205.7,117.11,825885.5,470196.65,355688.85
Europe,Montenegro,Fruits,Offline,L,5/29/2016,313705861,07-10-2016,1390,9.33,6.92,12968.7,9618.8,3349.9
Central America and the Caribbean,Guatemala,Office Supplies,Online,M,1/17/2012,345820701,02-01-2012,4885,651.21,524.96,3181160.85,2564429.6,616731.25
Sub-Saharan Africa,Guinea,Baby Food,Online,M,12/27/2012,975111138,1/21/2013,5910,255.28,159.42,1508704.8,942172.2,566532.6
Australia and Oceania,Vanuatu,Snacks,Online,C,04-01-2013,286001002,4/15/2013,2907,152.58,97.44,443550.06,283258.08,160291.98
Middle East and North Africa,United Arab Emirates,Cosmetics,Offline,H,6/26/2015,483226621,08-06-2015,6350,437.2,263.33,2776220,1672145.5,1104074.5
Australia and Oceania,Australia,Clothes,Offline,M,1/17/2012,241836822,1/17/2012,3744,109.28,35.84,409144.32,134184.96,274959.36
Middle East and North Africa,Oman,Clothes,Online,H,07-03-2011,557192933,07-05-2011,4626,109.28,35.84,505529.28,165795.84,339733.44
Sub-Saharan Africa,Malawi,Meat,Online,L,2/17/2012,694968783,04-02-2012,5562,421.89,364.69,2346552.18,2028405.78,318146.4
Middle East and North Africa,Lebanon,Fruits,Online,H,04-05-2013,441150701,05-12-2013,5150,9.33,6.92,48049.5,35638,12411.5
Europe,Czech Republic,Cereal,Online,M,07-08-2011,552037513,08-05-2011,9022,205.7,117.11,1855825.4,1056566.42,799258.98
Australia and Oceania,Vanuatu,Cosmetics,Offline,C,2/24/2012,504240548,3/27/2012,4838,437.2,263.33,2115173.6,1273990.54,841183.06
Europe,Luxembourg,Vegetables,Offline,L,2/13/2010,744683635,04-01-2010,7291,154.06,90.93,1123251.46,662970.63,460280.83
Sub-Saharan Africa,Benin,Personal Care,Online,L,08-07-2016,440603101,9/15/2016,3104,81.73,56.67,253689.92,175903.68,77786.24
Middle East and North Africa,Somalia,Clothes,Offline,L,4/26/2017,629547774,05-03-2017,6031,109.28,35.84,659067.68,216151.04,442916.64
Europe,Switzerland,Meat,Online,L,3/21/2014,169378983,04-10-2014,1860,421.89,364.69,784715.4,678323.4,106392
Middle East and North Africa,Saudi Arabia,Personal Care,Offline,L,02-02-2014,688270556,03-04-2014,3407,81.73,56.67,278454.11,193074.69,85379.42
Asia,Laos,Meat,Online,L,3/21/2017,734708821,3/24/2017,5522,421.89,364.69,2329676.58,2013818.18,315858.4
Asia,Kyrgyzstan,Snacks,Online,C,08-06-2013,727492606,9/22/2013,84,152.58,97.44,12816.72,8184.96,4631.76
Middle East and North Africa,Algeria,Baby Food,Offline,M,12/30/2016,705733239,1/25/2017,1003,255.28,159.42,256045.84,159898.26,96147.58
Sub-Saharan Africa,Angola,Office Supplies,Offline,C,10-03-2015,778854548,10-03-2015,9224,651.21,524.96,6006761.04,4842231.04,1164530
Sub-Saharan Africa,Mauritania,Cosmetics,Offline,M,5/30/2014,676592862,07-09-2014,7718,437.2,263.33,3374309.6,2032380.94,1341928.66
Middle East and North Africa,Lebanon,Household,Offline,M,10/15/2014,198997008,10/16/2014,6492,668.27,502.54,4338408.84,3262489.68,1075919.16
Europe,Finland,Beverages,Online,H,3/16/2012,566428315,3/23/2012,7581,47.45,31.79,359718.45,240999.99,118718.46
Asia,Taiwan,Baby Food,Online,M,5/27/2014,369560611,6/13/2014,52,255.28,159.42,13274.56,8289.84,4984.72
Europe,Belgium,Snacks,Online,M,01-12-2015,519380223,1/17/2015,5005,152.58,97.44,763662.9,487687.2,275975.7
Asia,Laos,Office Supplies,Online,H,08-10-2012,197185981,09-11-2012,568,651.21,524.96,369887.28,298177.28,71710
Europe,San Marino,Office Supplies,Online,H,4/13/2014,904589211,05-04-2014,6905,651.21,524.96,4496605.05,3624848.8,871756.25
Australia and Oceania,Tuvalu,Household,Offline,H,11/23/2016,613513743,12/31/2016,1205,668.27,502.54,805265.35,605560.7,199704.65
Australia and Oceania,Kiribati,Clothes,Offline,M,10/22/2010,516195905,10/29/2010,2694,109.28,35.84,294400.32,96552.96,197847.36
Asia,Kyrgyzstan,Vegetables,Offline,H,12-03-2013,975184524,1/17/2014,7626,154.06,90.93,1174861.56,693432.18,481429.38
Australia and Oceania,Samoa ,Clothes,Online,M,12-08-2014,173340928,01-03-2015,4287,109.28,35.84,468483.36,153646.08,314837.28
Sub-Saharan Africa,Central African Republic,Personal Care,Offline,H,12/16/2014,863838946,01-05-2015,7995,81.73,56.67,653431.35,453076.65,200354.7
Asia,Uzbekistan,Cereal,Offline,L,03-02-2016,920164906,03-06-2016,6099,205.7,117.11,1254564.3,714253.89,540310.41
Central America and the Caribbean,Dominica,Meat,Online,M,06-12-2010,986117637,7/30/2010,2977,421.89,364.69,1255966.53,1085682.13,170284.4
Middle East and North Africa,Qatar,Cereal,Online,L,6/18/2013,425808465,7/18/2013,5042,205.7,117.11,1037139.4,590468.62,446670.78
Central America and the Caribbean,Saint Lucia,Beverages,Online,L,06-12-2015,473661220,07-03-2015,5736,47.45,31.79,272173.2,182347.44,89825.76
Europe,Bosnia and Herzegovina,Baby Food,Online,C,04-04-2015,184412229,04-07-2015,531,255.28,159.42,135553.68,84652.02,50901.66
Asia,South Korea,Vegetables,Offline,H,08-12-2016,483110320,9/30/2016,1934,154.06,90.93,297952.04,175858.62,122093.42
Central America and the Caribbean,Trinidad and Tobago,Household,Online,H,9/22/2016,115116822,11-01-2016,4481,668.27,502.54,2994517.87,2251881.74,742636.13
Middle East and North Africa,Somalia,Baby Food,Online,M,1/29/2010,596105563,3/20/2010,9738,255.28,159.42,2485916.64,1552431.96,933484.68
Sub-Saharan Africa,Nigeria,Snacks,Online,C,12-10-2014,362062871,12/23/2014,1304,152.58,97.44,198964.32,127061.76,71902.56
Sub-Saharan Africa,South Africa,Beverages,Online,H,7/28/2016,619287574,08-02-2016,9810,47.45,31.79,465484.5,311859.9,153624.6
Central America and the Caribbean,Saint Vincent and the Grenadines,Clothes,Offline,H,06-10-2016,394391000,6/23/2016,7916,109.28,35.84,865060.48,283709.44,581351.04
Sub-Saharan Africa,Sudan,Beverages,Online,M,4/16/2013,584296977,4/28/2013,5315,47.45,31.79,252196.75,168963.85,83232.9
Middle East and North Africa,Algeria,Clothes,Offline,M,07-05-2014,806241834,8/15/2014,3730,109.28,35.84,407614.4,133683.2,273931.2
Europe,Netherlands,Meat,Offline,M,03-08-2017,747774398,04-03-2017,1916,421.89,364.69,808341.24,698746.04,109595.2
Central America and the Caribbean,Panama,Meat,Online,H,11/24/2011,616755998,12-03-2011,660,421.89,364.69,278447.4,240695.4,37752
Australia and Oceania,Solomon Islands,Baby Food,Offline,C,10/20/2016,691360461,11-07-2016,7779,255.28,159.42,1985823.12,1240128.18,745694.94
Central America and the Caribbean,Saint Vincent and the Grenadines,Beverages,Online,C,04-01-2013,870074117,5/16/2013,3121,47.45,31.79,148091.45,99216.59,48874.86
Middle East and North Africa,Iran,Office Supplies,Online,H,03-01-2010,221695792,3/20/2010,3566,651.21,524.96,2322214.86,1872007.36,450207.5
Australia and Oceania,Vanuatu,Fruits,Online,M,7/13/2017,135336816,8/17/2017,8026,9.33,6.92,74882.58,55539.92,19342.66
Australia and Oceania,Federated States of Micronesia,Office Supplies,Online,L,4/29/2012,270421016,5/23/2012,2443,651.21,524.96,1590906.03,1282477.28,308428.75
Sub-Saharan Africa,Equatorial Guinea,Household,Online,H,6/16/2010,806684720,7/18/2010,4790,668.27,502.54,3201013.3,2407166.6,793846.7
Europe,Russia,Household,Online,M,07-10-2017,194176757,8/20/2017,72,668.27,502.54,48115.44,36182.88,11932.56
Middle East and North Africa,Azerbaijan,Baby Food,Offline,H,6/28/2017,103258454,8/15/2017,5326,255.28,159.42,1359621.28,849070.92,510550.36
Middle East and North Africa,Iraq,Office Supplies,Online,H,4/21/2014,474603641,5/30/2014,4619,651.21,524.96,3007938.99,2424790.24,583148.75
Sub-Saharan Africa,Mauritius ,Cereal,Online,H,12/26/2012,869198644,01-05-2013,4049,205.7,117.11,832879.3,474178.39,358700.91
Sub-Saharan Africa,Eritrea,Household,Online,H,11-01-2015,918342292,12/21/2015,6747,668.27,502.54,4508817.69,3390637.38,1118180.31
Europe,Ukraine,Cosmetics,Online,H,1/22/2011,773645913,1/28/2011,7873,437.2,263.33,3442075.6,2073197.09,1368878.51
Asia,Myanmar,Cosmetics,Online,C,6/13/2014,657033336,07-02-2014,9620,437.2,263.33,4205864,2533234.6,1672629.4
Europe,Bosnia and Herzegovina,Meat,Online,H,7/24/2012,410740888,09-01-2012,6211,421.89,364.69,2620358.79,2265089.59,355269.2
Europe,Latvia,Meat,Offline,M,12/15/2011,847317397,12/18/2011,8902,421.89,364.69,3755664.78,3246470.38,509194.4
Europe,Serbia,Beverages,Online,L,09-03-2012,599624192,9/21/2012,978,47.45,31.79,46406.1,31090.62,15315.48
Asia,Mongolia,Beverages,Offline,H,1/19/2012,170835101,02-12-2012,2758,47.45,31.79,130867.1,87676.82,43190.28
Central America and the Caribbean,Grenada,Cereal,Online,H,1/17/2016,584436452,02-09-2016,6588,205.7,117.11,1355151.6,771520.68,583630.92
Sub-Saharan Africa,Namibia,Office Supplies,Online,H,10-02-2012,234227073,10-12-2012,1851,651.21,524.96,1205389.71,971700.96,233688.75
Europe,Portugal,Office Supplies,Online,M,1/21/2014,734318292,03-04-2014,9956,651.21,524.96,6483446.76,5226501.76,1256945
Central America and the Caribbean,Barbados,Snacks,Online,H,12/21/2013,169133937,12/31/2013,9345,152.58,97.44,1425860.1,910576.8,515283.3
Asia,Sri Lanka,Cereal,Online,C,2/24/2015,743410336,3/20/2015,494,205.7,117.11,101615.8,57852.34,43763.46
Europe,Poland,Household,Offline,L,07-07-2017,232196319,08-04-2017,905,668.27,502.54,604784.35,454798.7,149985.65
Sub-Saharan Africa,Senegal,Beverages,Offline,L,6/30/2014,530853211,08-02-2014,117,47.45,31.79,5551.65,3719.43,1832.22
Australia and Oceania,Kiribati,Fruits,Online,L,12-07-2011,905054843,01-12-2012,4695,9.33,6.92,43804.35,32489.4,11314.95
Middle East and North Africa,Somalia,Household,Offline,C,9/27/2016,240787541,11/13/2016,3239,668.27,502.54,2164526.53,1627727.06,536799.47
Sub-Saharan Africa,Burundi,Meat,Online,L,5/22/2010,194350135,06-05-2010,1379,421.89,364.69,581786.31,502907.51,78878.8
Asia,Malaysia,Household,Online,L,04-12-2013,242353951,4/13/2013,6775,668.27,502.54,4527529.25,3404708.5,1122820.75
Central America and the Caribbean,Haiti,Vegetables,Offline,C,10/17/2012,831722819,10/26/2012,4120,154.06,90.93,634727.2,374631.6,260095.6
Europe,Liechtenstein,Cosmetics,Online,L,7/15/2012,229693067,7/15/2012,138,437.2,263.33,60333.6,36339.54,23994.06
Sub-Saharan Africa,Zambia,Cereal,Offline,H,5/19/2013,373813521,6/15/2013,8583,205.7,117.11,1765523.1,1005155.13,760367.97
Europe,United Kingdom,Beverages,Online,C,04-08-2017,121945512,04-12-2017,5242,47.45,31.79,248732.9,166643.18,82089.72
Australia and Oceania,Vanuatu,Fruits,Offline,L,11-06-2015,202262866,12/14/2015,2932,9.33,6.92,27355.56,20289.44,7066.12
Australia and Oceania,Tuvalu,Personal Care,Offline,M,12/21/2016,963251912,02-01-2017,6501,81.73,56.67,531326.73,368411.67,162915.06
Central America and the Caribbean,Antigua and Barbuda ,Household,Online,M,8/21/2010,123711478,9/13/2010,7830,668.27,502.54,5232554.1,3934888.2,1297665.9
Central America and the Caribbean,Haiti,Clothes,Offline,L,08-12-2010,422752892,08-12-2010,830,109.28,35.84,90702.4,29747.2,60955.2
Europe,Slovenia,Fruits,Online,H,10/22/2012,169799983,11/20/2012,6443,9.33,6.92,60113.19,44585.56,15527.63
Europe,Malta,Vegetables,Online,M,03-11-2014,894589078,04-10-2014,7643,154.06,90.93,1177480.58,694977.99,482502.59
Asia,Bhutan,Office Supplies,Offline,M,08-03-2016,597169005,8/14/2016,4434,651.21,524.96,2887465.14,2327672.64,559792.5
Sub-Saharan Africa,Eritrea,Office Supplies,Offline,H,4/26/2015,497901093,06-11-2015,8853,651.21,524.96,5765162.13,4647470.88,1117691.25
Europe,Ukraine,Personal Care,Online,M,7/16/2010,987459170,8/27/2010,9967,81.73,56.67,814602.91,564829.89,249773.02
Asia,Singapore,Personal Care,Offline,M,1/22/2011,276829564,2/13/2011,8875,81.73,56.67,725353.75,502946.25,222407.5
Sub-Saharan Africa,Cameroon,Household,Offline,H,5/22/2015,247311103,07-11-2015,3706,668.27,502.54,2476608.62,1862413.24,614195.38
Europe,Cyprus,Fruits,Offline,M,07-12-2015,600515115,8/30/2015,4622,9.33,6.92,43123.26,31984.24,11139.02
Europe,Poland,Office Supplies,Offline,M,11/27/2015,208365428,12/29/2015,8815,651.21,524.96,5740416.15,4627522.4,1112893.75
Europe,Monaco,Personal Care,Online,L,06-08-2014,263098371,07-04-2014,5509,81.73,56.67,450250.57,312195.03,138055.54
Australia and Oceania,Vanuatu,Office Supplies,Online,L,11/21/2013,227262771,01-06-2014,959,651.21,524.96,624510.39,503436.64,121073.75
Sub-Saharan Africa,Gabon,Office Supplies,Offline,H,7/14/2010,983719956,08-01-2010,3450,651.21,524.96,2246674.5,1811112,435562.5
Sub-Saharan Africa,Djibouti,Baby Food,Offline,H,1/17/2013,785643756,1/26/2013,8301,255.28,159.42,2119079.28,1323345.42,795733.86
Sub-Saharan Africa,Namibia,Office Supplies,Online,C,1/15/2016,206520497,03-05-2016,2859,651.21,524.96,1861809.39,1500860.64,360948.75
Europe,Estonia,Cosmetics,Online,C,5/23/2011,790149009,5/29/2011,1505,437.2,263.33,657986,396311.65,261674.35
Europe,Norway,Cereal,Online,M,10-08-2014,100640618,10/18/2014,650,205.7,117.11,133705,76121.5,57583.5
Sub-Saharan Africa,Ethiopia,Personal Care,Online,L,5/27/2016,272419154,6/27/2016,3736,81.73,56.67,305343.28,211719.12,93624.16
Sub-Saharan Africa,Burundi,Meat,Offline,M,2/27/2015,360220944,2/27/2015,6237,421.89,364.69,2631327.93,2274571.53,356756.4
Asia,Thailand,Beverages,Offline,C,10-01-2014,389094817,11-11-2014,658,47.45,31.79,31222.1,20917.82,10304.28
Sub-Saharan Africa,Mauritius ,Meat,Offline,L,5/19/2012,904402101,6/23/2012,1534,421.89,364.69,647179.26,559434.46,87744.8
Sub-Saharan Africa,Uganda,Vegetables,Online,H,2/13/2010,721816623,2/17/2010,434,154.06,90.93,66862.04,39463.62,27398.42
Europe,Luxembourg,Snacks,Online,H,02-01-2011,977324712,03-10-2011,955,152.58,97.44,145713.9,93055.2,52658.7
Sub-Saharan Africa,The Gambia,Beverages,Online,C,09-07-2015,177225196,09-12-2015,3729,47.45,31.79,176941.05,118544.91,58396.14
Middle East and North Africa,United Arab Emirates,Beverages,Online,M,3/27/2010,948129403,5/14/2010,1415,47.45,31.79,67141.75,44982.85,22158.9
Central America and the Caribbean,Haiti,Meat,Offline,M,3/15/2016,586961162,4/22/2016,3706,421.89,364.69,1563524.34,1351541.14,211983.2
Europe,Luxembourg,Snacks,Online,H,09-07-2010,510956799,9/23/2010,2326,152.58,97.44,354901.08,226645.44,128255.64
Central America and the Caribbean,Saint Lucia,Meat,Online,L,6/26/2013,407665145,07-05-2013,6030,421.89,364.69,2543996.7,2199080.7,344916
Middle East and North Africa,Iraq,Meat,Online,C,03-09-2015,484947526,3/16/2015,5604,421.89,364.69,2364271.56,2043722.76,320548.8
Europe,Armenia,Fruits,Online,M,3/23/2011,120977771,05-02-2011,8866,9.33,6.92,82719.78,61352.72,21367.06
Asia,Singapore,Personal Care,Offline,M,3/29/2013,114242208,5/15/2013,5663,81.73,56.67,462836.99,320922.21,141914.78
Middle East and North Africa,Jordan,Clothes,Online,M,01-05-2015,433539664,1/15/2015,2876,109.28,35.84,314289.28,103075.84,211213.44
Australia and Oceania,Tonga,Meat,Online,M,5/21/2011,667981469,06-12-2011,9416,421.89,364.69,3972516.24,3433921.04,538595.2
Europe,Bulgaria,Snacks,Offline,L,03-11-2017,476991450,3/27/2017,1225,152.58,97.44,186910.5,119364,67546.5
Sub-Saharan Africa,Sudan,Office Supplies,Online,C,6/23/2010,940305936,7/29/2010,6277,651.21,524.96,4087645.17,3295173.92,792471.25
Sub-Saharan Africa,Mali,Baby Food,Online,H,12/28/2011,507973754,01-12-2012,9577,255.28,159.42,2444816.56,1526765.34,918051.22
Asia,Myanmar,Cosmetics,Online,L,04-06-2013,850356233,5/26/2013,8161,437.2,263.33,3567989.2,2149036.13,1418953.07
Asia,Sri Lanka,Meat,Offline,L,09-05-2010,108127200,10-01-2010,6096,421.89,364.69,2571841.44,2223150.24,348691.2
Middle East and North Africa,Azerbaijan,Office Supplies,Online,C,10/27/2016,542272984,12-08-2016,9481,651.21,524.96,6174122.01,4977145.76,1196976.25
Sub-Saharan Africa,Tanzania,Office Supplies,Offline,C,04-11-2011,884092414,5/13/2011,1447,651.21,524.96,942300.87,759617.12,182683.75
Sub-Saharan Africa,Swaziland,Household,Offline,C,7/17/2012,385196816,09-03-2012,7153,668.27,502.54,4780135.31,3594668.62,1185466.69
Asia,Myanmar,Meat,Online,L,09-09-2013,167510020,10-06-2013,8792,421.89,364.69,3709256.88,3206354.48,502902.4
Europe,Denmark,Beverages,Online,H,06-05-2016,973268353,6/26/2016,589,47.45,31.79,27948.05,18724.31,9223.74
Sub-Saharan Africa,Seychelles ,Fruits,Offline,M,2/28/2012,915020644,3/18/2012,3797,9.33,6.92,35426.01,26275.24,9150.77
Sub-Saharan Africa,Madagascar,Cosmetics,Offline,C,1/31/2016,425628221,2/24/2016,1704,437.2,263.33,744988.8,448714.32,296274.48
Central America and the Caribbean,Saint Lucia,Beverages,Online,L,5/18/2010,908264911,6/14/2010,4626,47.45,31.79,219503.7,147060.54,72443.16
Sub-Saharan Africa,Mauritius ,Cereal,Online,C,2/25/2016,686417043,3/29/2016,4912,205.7,117.11,1010398.4,575244.32,435154.08
Asia,Taiwan,Household,Online,H,12-07-2013,853883445,01-10-2014,1941,668.27,502.54,1297112.07,975430.14,321681.93
Middle East and North Africa,Morocco,Cereal,Online,C,08-08-2015,324775445,9/14/2015,7126,205.7,117.11,1465818.2,834525.86,631292.34
Middle East and North Africa,Jordan,Cereal,Online,C,03-03-2015,783516871,04-06-2015,8909,205.7,117.11,1832581.3,1043332.99,789248.31
Asia,China,Cosmetics,Offline,H,4/15/2015,834844052,5/20/2015,7762,437.2,263.33,3393546.4,2043967.46,1349578.94
Asia,South Korea,Snacks,Offline,H,11/20/2015,953805816,12/25/2015,1191,152.58,97.44,181722.78,116051.04,65671.74
North America,United States of America,Office Supplies,Online,L,5/22/2010,335763490,07-04-2010,8733,651.21,524.96,5687016.93,4584475.68,1102541.25
Asia,Uzbekistan,Cosmetics,Online,H,3/18/2012,946390902,3/23/2012,6954,437.2,263.33,3040288.8,1831196.82,1209091.98
Europe,Finland,Vegetables,Offline,L,2/14/2013,771674382,3/21/2013,4453,154.06,90.93,686029.18,404911.29,281117.89
Asia,Philippines,Cereal,Online,C,4/23/2017,567912757,5/22/2017,6860,205.7,117.11,1411102,803374.6,607727.4
Middle East and North Africa,Libya,Office Supplies,Offline,L,11/18/2014,711717355,11/18/2014,1836,651.21,524.96,1195621.56,963826.56,231795
Sub-Saharan Africa,South Sudan,Office Supplies,Online,L,12-11-2015,750012004,1/30/2016,4074,651.21,524.96,2653029.54,2138687.04,514342.5
Middle East and North Africa,Kuwait,Snacks,Online,C,07-09-2016,750033032,8/18/2016,297,152.58,97.44,45316.26,28939.68,16376.58
Central America and the Caribbean,Saint Lucia,Household,Offline,H,6/28/2017,849329268,7/22/2017,4259,668.27,502.54,2846161.93,2140317.86,705844.07
Central America and the Caribbean,Grenada,Meat,Online,M,3/22/2013,805762040,04-08-2013,1748,421.89,364.69,737463.72,637478.12,99985.6
Sub-Saharan Africa,Namibia,Cereal,Online,H,07-04-2010,447505176,7/27/2010,5581,205.7,117.11,1148011.7,653590.91,494420.79
Australia and Oceania,Solomon Islands,Beverages,Offline,L,3/14/2017,123045003,3/22/2017,606,47.45,31.79,28754.7,19264.74,9489.96
Asia,Philippines,Household,Offline,H,9/21/2015,251180350,10/20/2015,8702,668.27,502.54,5815285.54,4373103.08,1442182.46
Asia,Turkmenistan,Household,Online,M,04-10-2012,871022546,04-11-2012,3782,668.27,502.54,2527397.14,1900606.28,626790.86
Europe,Kosovo,Fruits,Online,L,05-02-2010,291995418,06-06-2010,6788,9.33,6.92,63332.04,46972.96,16359.08
Asia,Singapore,Clothes,Online,C,6/13/2014,943835294,08-01-2014,692,109.28,35.84,75621.76,24801.28,50820.48
Sub-Saharan Africa,South Africa,Office Supplies,Offline,L,4/18/2011,826591002,4/18/2011,5501,651.21,524.96,3582306.21,2887804.96,694501.25
Middle East and North Africa,Lebanon,Cosmetics,Online,M,05-01-2011,260623872,05-12-2011,3250,437.2,263.33,1420900,855822.5,565077.5
Australia and Oceania,Samoa ,Vegetables,Online,L,9/21/2014,536607730,11-03-2014,3007,154.06,90.93,463258.42,273426.51,189831.91
Australia and Oceania,Samoa ,Personal Care,Offline,L,2/17/2015,765528905,03-06-2015,5870,81.73,56.67,479755.1,332652.9,147102.2
Europe,Hungary,Baby Food,Online,M,1/25/2011,128686225,3/13/2011,9968,255.28,159.42,2544631.04,1589098.56,955532.48
Middle East and North Africa,Pakistan,Vegetables,Offline,L,04-01-2017,127691018,04-05-2017,5465,154.06,90.93,841937.9,496932.45,345005.45
Australia and Oceania,Tonga,Vegetables,Offline,C,5/21/2015,534467113,5/25/2015,9550,154.06,90.93,1471273,868381.5,602891.5
Australia and Oceania,Vanuatu,Personal Care,Online,H,12/18/2010,741250836,01-10-2011,1450,81.73,56.67,118508.5,82171.5,36337
Australia and Oceania,Vanuatu,Snacks,Online,M,05-02-2014,210591018,5/27/2014,7417,152.58,97.44,1131685.86,722712.48,408973.38
Central America and the Caribbean,Grenada,Vegetables,Online,C,03-06-2014,725348985,4/13/2014,5738,154.06,90.93,883996.28,521756.34,362239.94
Sub-Saharan Africa,Mozambique,Household,Offline,H,08-11-2011,538698565,09-07-2011,1731,668.27,502.54,1156775.37,869896.74,286878.63
Central America and the Caribbean,Cuba,Cereal,Offline,H,5/20/2016,224126088,06-12-2016,2745,205.7,117.11,564646.5,321466.95,243179.55
Middle East and North Africa,Algeria,Beverages,Online,M,10/22/2012,425430381,12-05-2012,3159,47.45,31.79,149894.55,100424.61,49469.94
Sub-Saharan Africa,Equatorial Guinea,Vegetables,Offline,M,7/20/2016,506722772,08-08-2016,9383,154.06,90.93,1445544.98,853196.19,592348.79
Sub-Saharan Africa,Uganda,Office Supplies,Offline,C,04-07-2010,802427089,4/26/2010,4862,651.21,524.96,3166183.02,2552355.52,613827.5
Asia,Thailand,Cosmetics,Offline,H,7/14/2015,367279660,08-09-2015,5068,437.2,263.33,2215729.6,1334556.44,881173.16
Middle East and North Africa,Turkey,Personal Care,Offline,H,05-10-2013,126329314,5/21/2013,2506,81.73,56.67,204815.38,142015.02,62800.36
Asia,Kazakhstan,Personal Care,Offline,H,02-01-2016,624937379,02-08-2016,1713,81.73,56.67,140003.49,97075.71,42927.78
Central America and the Caribbean,Nicaragua,Snacks,Offline,H,8/20/2010,678777682,9/28/2010,4255,152.58,97.44,649227.9,414607.2,234620.7
Asia,Kazakhstan,Cereal,Online,L,04-12-2015,523836553,5/22/2015,3732,205.7,117.11,767672.4,437054.52,330617.88
Sub-Saharan Africa,Chad,Cereal,Offline,C,04-08-2015,466412818,05-12-2015,772,205.7,117.11,158800.4,90408.92,68391.48
Australia and Oceania,East Timor,Fruits,Online,H,1/27/2012,433117806,02-06-2012,8039,9.33,6.92,75003.87,55629.88,19373.99
Europe,Lithuania,Cosmetics,Offline,L,01-06-2012,420875346,2/18/2012,5223,437.2,263.33,2283495.6,1375372.59,908123.01
Sub-Saharan Africa,Eritrea,Cosmetics,Online,C,11/26/2014,946921765,12/16/2014,4048,437.2,263.33,1769785.6,1065959.84,703825.76
Sub-Saharan Africa,Zambia,Household,Offline,H,04-04-2010,798805892,4/25/2010,3270,668.27,502.54,2185242.9,1643305.8,541937.1
Sub-Saharan Africa,Liberia,Household,Offline,M,5/17/2011,184389054,6/20/2011,3674,668.27,502.54,2455223.98,1846331.96,608892.02
Central America and the Caribbean,Saint Kitts and Nevis ,Household,Offline,M,09-09-2013,281845080,10/18/2013,3077,668.27,502.54,2056266.79,1546315.58,509951.21
Central America and the Caribbean,Jamaica,Meat,Online,H,9/14/2013,989660298,10-11-2013,1330,421.89,364.69,561113.7,485037.7,76076
Europe,Albania,Vegetables,Online,C,10-05-2012,476633536,11-03-2012,5310,154.06,90.93,818058.6,482838.3,335220.3
Asia,Japan,Baby Food,Offline,C,4/13/2013,131876122,5/22/2013,3930,255.28,159.42,1003250.4,626520.6,376729.8
Sub-Saharan Africa,Equatorial Guinea,Meat,Offline,L,12/15/2014,514811885,1/21/2015,3132,421.89,364.69,1321359.48,1142209.08,179150.4
Asia,Myanmar,Office Supplies,Online,C,12/20/2010,905177152,01-07-2011,889,651.21,524.96,578925.69,466689.44,112236.25
Middle East and North Africa,Libya,Personal Care,Offline,H,07-02-2014,653020751,7/19/2014,2207,81.73,56.67,180378.11,125070.69,55307.42
Asia,Mongolia,Meat,Online,L,1/31/2017,528704011,03-02-2017,4121,421.89,364.69,1738608.69,1502887.49,235721.2
Asia,Singapore,Snacks,Offline,M,02-05-2015,472900760,3/19/2015,699,152.58,97.44,106653.42,68110.56,38542.86
Central America and the Caribbean,The Bahamas,Baby Food,Offline,L,7/23/2013,946597325,7/23/2013,8039,255.28,159.42,2052195.92,1281577.38,770618.54
Asia,Sri Lanka,Office Supplies,Offline,L,10-06-2014,681092536,11/18/2014,9272,651.21,524.96,6038019.12,4867429.12,1170590
Europe,Cyprus,Vegetables,Offline,C,07-02-2014,727997720,7/19/2014,9558,154.06,90.93,1472505.48,869108.94,603396.54
Middle East and North Africa,Afghanistan,Baby Food,Online,C,5/29/2013,409236705,06-11-2013,1090,255.28,159.42,278255.2,173767.8,104487.4
Europe,Moldova ,Personal Care,Online,M,03-11-2013,467045819,04-12-2013,8092,81.73,56.67,661359.16,458573.64,202785.52
Europe,Kosovo,Cosmetics,Offline,C,11-01-2012,813973891,11/13/2012,1818,437.2,263.33,794829.6,478733.94,316095.66
Middle East and North Africa,Egypt,Household,Online,M,5/22/2012,982882249,5/29/2012,5554,668.27,502.54,3711571.58,2791107.16,920464.42
Europe,Albania,Cosmetics,Offline,L,9/30/2016,576944720,10-09-2016,9619,437.2,263.33,4205426.8,2532971.27,1672455.53
Asia,Singapore,Vegetables,Offline,C,9/25/2016,619647634,10/16/2016,6360,154.06,90.93,979821.6,578314.8,401506.8
Europe,Portugal,Baby Food,Online,L,08-03-2015,404789817,09-08-2015,5157,255.28,159.42,1316478.96,822128.94,494350.02
Asia,India,Snacks,Offline,M,1/16/2010,646482598,1/25/2010,7422,152.58,97.44,1132448.76,723199.68,409249.08
Sub-Saharan Africa,Sudan,Meat,Online,C,11-01-2016,329149806,12-08-2016,1597,421.89,364.69,673758.33,582409.93,91348.4
Australia and Oceania,Vanuatu,Office Supplies,Offline,M,11/25/2015,757527768,12/19/2015,8155,651.21,524.96,5310617.55,4281048.8,1029568.75
Sub-Saharan Africa,Democratic Republic of the Congo,Cosmetics,Online,C,9/24/2014,606665313,10/13/2014,4602,437.2,263.33,2011994.4,1211844.66,800149.74
Europe,Bosnia and Herzegovina,Baby Food,Online,C,4/30/2014,871923768,5/30/2014,474,255.28,159.42,121002.72,75565.08,45437.64
Europe,Kosovo,Vegetables,Offline,C,12/18/2012,818976962,12/21/2012,2337,154.06,90.93,360038.22,212503.41,147534.81
Europe,Switzerland,Cosmetics,Online,C,7/20/2017,233811223,7/20/2017,8792,437.2,263.33,3843862.4,2315197.36,1528665.04
Central America and the Caribbean,Cuba,Beverages,Offline,L,2/16/2017,772725379,03-09-2017,5466,47.45,31.79,259361.7,173764.14,85597.56
Europe,Lithuania,Office Supplies,Offline,C,12/15/2016,112330758,01-11-2017,22,651.21,524.96,14326.62,11549.12,2777.5
Middle East and North Africa,Lebanon,Clothes,Online,M,12/28/2011,499551188,1/14/2012,7153,109.28,35.84,781679.84,256363.52,525316.32
Asia,North Korea,Clothes,Online,M,5/28/2013,201622998,06-05-2013,3581,109.28,35.84,391331.68,128343.04,262988.64
Europe,Montenegro,Office Supplies,Offline,H,07-02-2014,256095016,8/21/2014,3061,651.21,524.96,1993353.81,1606902.56,386451.25
Sub-Saharan Africa,Eritrea,Fruits,Offline,M,3/21/2017,420828568,3/29/2017,1380,9.33,6.92,12875.4,9549.6,3325.8
Sub-Saharan Africa,Democratic Republic of the Congo,Cereal,Online,L,3/17/2013,523997485,4/23/2013,1355,205.7,117.11,278723.5,158684.05,120039.45
Asia,India,Office Supplies,Online,C,4/30/2010,914088094,05-03-2010,7835,651.21,524.96,5102230.35,4113061.6,989168.75
Sub-Saharan Africa,Republic of the Congo,Snacks,Online,M,9/16/2013,209899222,9/28/2013,2699,152.58,97.44,411813.42,262990.56,148822.86
Sub-Saharan Africa,Comoros,Clothes,Offline,M,5/30/2014,250542199,07-01-2014,9859,109.28,35.84,1077391.52,353346.56,724044.96
Europe,France,Meat,Online,L,11/28/2015,245440852,12/17/2015,257,421.89,364.69,108425.73,93725.33,14700.4
Sub-Saharan Africa,Rwanda,Vegetables,Online,L,03-07-2015,824331510,4/21/2015,6867,154.06,90.93,1057930.02,624416.31,433513.71
Sub-Saharan Africa,Malawi,Meat,Online,M,1/15/2014,887263000,1/31/2014,9693,421.89,364.69,4089379.77,3534940.17,554439.6
Sub-Saharan Africa,Cote d'Ivoire,Cereal,Offline,H,5/22/2015,754596650,5/27/2015,772,205.7,117.11,158800.4,90408.92,68391.48
Europe,Spain,Fruits,Online,H,10/22/2011,817006289,11/14/2011,9172,9.33,6.92,85574.76,63470.24,22104.52
Sub-Saharan Africa,Uganda,Clothes,Offline,H,02-08-2012,185478246,3/20/2012,5989,109.28,35.84,654477.92,214645.76,439832.16
Asia,Taiwan,Personal Care,Offline,C,10/16/2014,741311347,11-05-2014,9356,81.73,56.67,764665.88,530204.52,234461.36
Middle East and North Africa,Israel,Personal Care,Offline,M,11/14/2011,386116921,12/22/2011,9432,81.73,56.67,770877.36,534511.44,236365.92
Central America and the Caribbean,Costa Rica,Meat,Offline,L,05-03-2015,691818797,05-07-2015,3411,421.89,364.69,1439066.79,1243957.59,195109.2
Central America and the Caribbean,Honduras,Snacks,Online,C,7/16/2015,150653302,09-02-2015,515,152.58,97.44,78578.7,50181.6,28397.1
Asia,South Korea,Vegetables,Offline,M,04-01-2015,925169265,05-03-2015,7000,154.06,90.93,1078420,636510,441910
Europe,Sweden,Vegetables,Online,H,9/20/2010,298228013,10/25/2010,1151,154.06,90.93,177323.06,104660.43,72662.63
Australia and Oceania,Tonga,Office Supplies,Online,L,8/24/2010,123003375,9/16/2010,8287,651.21,524.96,5396577.27,4350343.52,1046233.75
Europe,Latvia,Snacks,Online,C,3/15/2017,972981679,04-09-2017,5755,152.58,97.44,878097.9,560767.2,317330.7
Asia,Indonesia,Beverages,Online,M,09-12-2014,791961753,9/21/2014,7937,47.45,31.79,376610.65,252317.23,124293.42
Asia,Myanmar,Household,Online,C,3/25/2011,744054925,3/31/2011,1242,668.27,502.54,829991.34,624154.68,205836.66
Asia,Turkmenistan,Office Supplies,Offline,L,03-03-2012,263685023,04-08-2012,9113,651.21,524.96,5934476.73,4783960.48,1150516.25
Central America and the Caribbean,Panama,Baby Food,Online,H,5/19/2016,205588376,6/18/2016,7024,255.28,159.42,1793086.72,1119766.08,673320.64
Europe,Norway,Personal Care,Offline,M,06-08-2012,594813811,6/17/2012,7480,81.73,56.67,611340.4,423891.6,187448.8
Europe,Estonia,Clothes,Online,H,09-08-2012,176722657,9/16/2012,5016,109.28,35.84,548148.48,179773.44,368375.04
Europe,Malta,Personal Care,Offline,M,8/16/2011,466988742,8/16/2011,1201,81.73,56.67,98157.73,68060.67,30097.06
Sub-Saharan Africa,Eritrea,Personal Care,Offline,L,5/14/2012,801598393,06-02-2012,9633,81.73,56.67,787305.09,545902.11,241402.98
Sub-Saharan Africa,Republic of the Congo,Meat,Offline,M,4/28/2015,586850440,06-08-2015,941,421.89,364.69,396998.49,343173.29,53825.2
Central America and the Caribbean,Trinidad and Tobago,Snacks,Offline,H,5/21/2014,649356210,5/21/2014,7787,152.58,97.44,1188140.46,758765.28,429375.18
Middle East and North Africa,Yemen,Cereal,Offline,H,11/15/2015,986039531,12-10-2015,9864,205.7,117.11,2029024.8,1155173.04,873851.76
Asia,Turkmenistan,Household,Offline,H,01-10-2012,314136731,01-12-2012,8894,668.27,502.54,5943593.38,4469590.76,1474002.62
Middle East and North Africa,Somalia,Beverages,Offline,H,1/28/2015,121196639,02-07-2015,3634,47.45,31.79,172433.3,115524.86,56908.44
Europe,Portugal,Cereal,Online,C,08-11-2015,615080583,9/19/2015,4868,205.7,117.11,1001347.6,570091.48,431256.12
Asia,Kyrgyzstan,Fruits,Offline,L,8/19/2016,273962390,09-05-2016,414,9.33,6.92,3862.62,2864.88,997.74
Middle East and North Africa,Lebanon,Personal Care,Offline,H,8/22/2014,796328389,9/27/2014,121,81.73,56.67,9889.33,6857.07,3032.26
Europe,Macedonia,Cosmetics,Online,C,12/26/2010,350977408,1/22/2011,869,437.2,263.33,379926.8,228833.77,151093.03
Middle East and North Africa,Algeria,Clothes,Offline,M,8/27/2015,327020776,9/29/2015,1570,109.28,35.84,171569.6,56268.8,115300.8
Middle East and North Africa,Qatar,Vegetables,Online,H,03-11-2013,383882319,4/15/2013,8164,154.06,90.93,1257745.84,742352.52,515393.32
Europe,Greece,Personal Care,Offline,M,12-08-2011,701298367,01-06-2012,8626,81.73,56.67,705002.98,488835.42,216167.56
Sub-Saharan Africa,Benin,Fruits,Online,M,6/27/2017,629317748,8/14/2017,7961,9.33,6.92,74276.13,55090.12,19186.01
Asia,Uzbekistan,Baby Food,Offline,C,10/21/2013,938301789,11/29/2013,3205,255.28,159.42,818172.4,510941.1,307231.3
Middle East and North Africa,Azerbaijan,Vegetables,Online,L,06-01-2012,668924319,07-07-2012,8426,154.06,90.93,1298109.56,766176.18,531933.38
Asia,Cambodia,Clothes,Online,C,10-08-2010,282171666,11/15/2010,9721,109.28,35.84,1062310.88,348400.64,713910.24
Europe,Italy,Personal Care,Online,C,2/25/2011,309342658,3/28/2011,222,81.73,56.67,18144.06,12580.74,5563.32
Sub-Saharan Africa,Mauritius ,Cosmetics,Online,H,12-05-2016,902048623,12/20/2016,5088,437.2,263.33,2224473.6,1339823.04,884650.56
Middle East and North Africa,Yemen,Clothes,Online,H,08-06-2013,482213389,09-03-2013,6513,109.28,35.84,711740.64,233425.92,478314.72
Central America and the Caribbean,Cuba,Vegetables,Offline,C,06-07-2010,692073285,6/28/2010,8719,154.06,90.93,1343249.14,792818.67,550430.47
Australia and Oceania,Tonga,Fruits,Online,L,12/27/2013,544177138,1/30/2014,2963,9.33,6.92,27644.79,20503.96,7140.83
Central America and the Caribbean,Guatemala,Vegetables,Online,M,9/28/2016,471386277,10/17/2016,2530,154.06,90.93,389771.8,230052.9,159718.9
Australia and Oceania,New Zealand,Personal Care,Online,L,01-08-2016,976874530,1/27/2016,7737,81.73,56.67,632345.01,438455.79,193889.22
Europe,Norway,Household,Offline,M,3/20/2010,384128224,4/26/2010,933,668.27,502.54,623495.91,468869.82,154626.09
Sub-Saharan Africa,South Africa,Personal Care,Online,H,2/21/2010,686946189,03-08-2010,1498,81.73,56.67,122431.54,84891.66,37539.88
Sub-Saharan Africa,Zambia,Snacks,Offline,M,7/14/2012,799439752,7/24/2012,843,152.58,97.44,128624.94,82141.92,46483.02
Central America and the Caribbean,Saint Kitts and Nevis ,Cereal,Online,M,5/29/2011,606032741,6/15/2011,7410,205.7,117.11,1524237,867785.1,656451.9
Asia,Indonesia,Beverages,Offline,H,12/25/2016,511461484,02-05-2017,1674,47.45,31.79,79431.3,53216.46,26214.84
Europe,Netherlands,Household,Offline,C,1/17/2014,990774810,2/18/2014,1138,668.27,502.54,760491.26,571890.52,188600.74
Asia,Thailand,Snacks,Offline,M,03-02-2011,339334046,4/16/2011,5340,152.58,97.44,814777.2,520329.6,294447.6
Sub-Saharan Africa,Republic of the Congo,Personal Care,Offline,C,03-10-2014,522813022,04-08-2014,846,81.73,56.67,69143.58,47942.82,21200.76
Sub-Saharan Africa,Equatorial Guinea,Fruits,Offline,M,11/17/2014,427198064,01-02-2015,6255,9.33,6.92,58359.15,43284.6,15074.55
Asia,Tajikistan,Beverages,Offline,C,06-03-2017,808788001,7/15/2017,7197,47.45,31.79,341497.65,228792.63,112705.02
Sub-Saharan Africa,Botswana,Meat,Offline,L,12-07-2011,244194161,01-07-2012,1334,421.89,364.69,562801.26,486496.46,76304.8
Central America and the Caribbean,Dominican Republic,Fruits,Offline,L,02-01-2016,980340373,2/15/2016,3357,9.33,6.92,31320.81,23230.44,8090.37
Australia and Oceania,Samoa ,Beverages,Online,M,10-06-2010,384462964,10-10-2010,9990,47.45,31.79,474025.5,317582.1,156443.4
Europe,Belgium,Vegetables,Offline,C,12/26/2011,394110763,12/29/2011,4988,154.06,90.93,768451.28,453558.84,314892.44
Australia and Oceania,Federated States of Micronesia,Cosmetics,Online,L,02-12-2014,767145097,03-11-2014,4137,437.2,263.33,1808696.4,1089396.21,719300.19
Sub-Saharan Africa,Botswana,Fruits,Online,L,5/21/2016,431739795,6/19/2016,254,9.33,6.92,2369.82,1757.68,612.14
Asia,Vietnam,Cereal,Online,L,07-02-2011,636381185,7/28/2011,8189,205.7,117.11,1684477.3,959013.79,725463.51
Europe,Kosovo,Fruits,Online,C,03-02-2012,899868094,3/26/2012,9821,9.33,6.92,91629.93,67961.32,23668.61
Europe,Germany,Baby Food,Offline,L,01-06-2017,361311852,2/15/2017,9061,255.28,159.42,2313092.08,1444504.62,868587.46
Europe,Hungary,Beverages,Online,L,5/20/2014,930136287,6/21/2014,6852,47.45,31.79,325127.4,217825.08,107302.32
Central America and the Caribbean,Saint Lucia,Cereal,Online,L,5/19/2016,536077725,06-07-2016,6167,205.7,117.11,1268551.9,722217.37,546334.53
Sub-Saharan Africa,Madagascar,Snacks,Online,M,04-06-2017,779184997,4/17/2017,7011,152.58,97.44,1069738.38,683151.84,386586.54
Europe,Bulgaria,Cosmetics,Online,C,05-05-2012,179819428,06-02-2012,1420,437.2,263.33,620824,373928.6,246895.4
Asia,Myanmar,Vegetables,Online,H,12-07-2016,928654849,01-07-2017,8461,154.06,90.93,1303501.66,769358.73,534142.93
Sub-Saharan Africa,Togo,Baby Food,Offline,H,2/14/2017,336677587,3/28/2017,9234,255.28,159.42,2357255.52,1472084.28,885171.24
Australia and Oceania,Australia,Vegetables,Online,C,06-02-2011,285186469,6/25/2011,1869,154.06,90.93,287938.14,169948.17,117989.97
Middle East and North Africa,Morocco,Baby Food,Offline,M,7/15/2014,475792825,09-03-2014,6525,255.28,159.42,1665702,1040215.5,625486.5
Middle East and North Africa,Qatar,Clothes,Offline,L,10-06-2015,680420482,11-08-2015,396,109.28,35.84,43274.88,14192.64,29082.24
Europe,Bosnia and Herzegovina,Fruits,Online,H,01-05-2013,291305768,01-06-2013,2705,9.33,6.92,25237.65,18718.6,6519.05
Middle East and North Africa,Iraq,Baby Food,Offline,L,8/19/2016,570997512,09-06-2016,9707,255.28,159.42,2478002.96,1547489.94,930513.02
Europe,Russia,Personal Care,Online,L,4/24/2015,602357041,05-05-2015,9689,81.73,56.67,791881.97,549075.63,242806.34
Middle East and North Africa,Lebanon,Meat,Online,M,2/26/2010,438558185,4/14/2010,7967,421.89,364.69,3361197.63,2905485.23,455712.4
Europe,Albania,Snacks,Online,H,12-02-2010,653087270,12-07-2010,1891,152.58,97.44,288528.78,184259.04,104269.74
Australia and Oceania,Samoa ,Cereal,Offline,C,1/23/2017,989743125,1/25/2017,5840,205.7,117.11,1201288,683922.4,517365.6
Europe,Slovenia,Fruits,Offline,M,12/15/2013,812637078,01-05-2014,6225,9.33,6.92,58079.25,43077,15002.25
Europe,Macedonia,Personal Care,Online,L,7/19/2014,456192958,8/18/2014,6489,81.73,56.67,530345.97,367731.63,162614.34
Middle East and North Africa,Lebanon,Cereal,Online,L,2/17/2010,775147092,2/28/2010,2105,205.7,117.11,432998.5,246516.55,186481.95
Sub-Saharan Africa,Comoros,Household,Offline,M,12/28/2011,894548308,02-02-2012,5578,668.27,502.54,3727610.06,2803168.12,924441.94
Sub-Saharan Africa,Cameroon,Cosmetics,Offline,H,05-03-2017,459757936,06-10-2017,1445,437.2,263.33,631754,380511.85,251242.15
Europe,Albania,Meat,Offline,H,1/31/2013,986449801,3/13/2013,1272,421.89,364.69,536644.08,463885.68,72758.4
Europe,Sweden,Cosmetics,Online,L,07-03-2017,910610234,7/31/2017,8659,437.2,263.33,3785714.8,2280174.47,1505540.33
Sub-Saharan Africa,Liberia,Cereal,Offline,H,11-08-2015,538538062,12-03-2015,4235,205.7,117.11,871139.5,495960.85,375178.65
Europe,Norway,Meat,Online,M,03-03-2017,696844613,3/22/2017,661,421.89,364.69,278869.29,241060.09,37809.2
Middle East and North Africa,Israel,Fruits,Online,H,8/18/2012,482453715,9/22/2012,7630,9.33,6.92,71187.9,52799.6,18388.3
Central America and the Caribbean,Cuba,Office Supplies,Offline,L,03-11-2017,412601697,3/23/2017,6866,651.21,524.96,4471207.86,3604375.36,866832.5
Central America and the Caribbean,Nicaragua,Meat,Offline,M,10/17/2012,174837386,11/14/2012,7123,421.89,364.69,3005122.47,2597686.87,407435.6
Middle East and North Africa,Kuwait,Personal Care,Offline,L,9/29/2012,877022111,10/21/2012,9187,81.73,56.67,750853.51,520627.29,230226.22
North America,United States of America,Cereal,Offline,M,6/22/2012,997329699,7/15/2012,876,205.7,117.11,180193.2,102588.36,77604.84
Sub-Saharan Africa,Rwanda,Snacks,Offline,M,1/19/2016,434246480,02-11-2016,2038,152.58,97.44,310958.04,198582.72,112375.32
Central America and the Caribbean,Jamaica,Cereal,Online,C,04-03-2017,956571280,04-05-2017,9554,205.7,117.11,1965257.8,1118868.94,846388.86
Europe,Czech Republic,Personal Care,Online,M,12-04-2010,353415429,12-08-2010,2334,81.73,56.67,190757.82,132267.78,58490.04
Sub-Saharan Africa,Kenya,Vegetables,Online,H,11/27/2011,984202754,12-08-2011,6321,154.06,90.93,973813.26,574768.53,399044.73
Sub-Saharan Africa,Central African Republic,Beverages,Offline,H,5/16/2013,328669583,06-02-2013,9488,47.45,31.79,450205.6,301623.52,148582.08
Middle East and North Africa,Jordan,Cosmetics,Offline,C,5/16/2013,436864745,5/22/2013,6841,437.2,263.33,2990885.2,1801440.53,1189444.67
Middle East and North Africa,Tunisia ,Household,Offline,M,01-01-2011,279149568,1/26/2011,5415,668.27,502.54,3618682.05,2721254.1,897427.95
Europe,Andorra,Cereal,Online,H,3/19/2010,696197879,3/26/2010,9278,205.7,117.11,1908484.6,1086546.58,821938.02
North America,United States of America,Household,Offline,M,01-09-2016,348996007,01-12-2016,4529,668.27,502.54,3026594.83,2276003.66,750591.17
Sub-Saharan Africa,Cote d'Ivoire,Beverages,Offline,L,08-03-2015,668842780,9/20/2015,4297,47.45,31.79,203892.65,136601.63,67291.02
Europe,Iceland,Cosmetics,Online,C,04-05-2012,907349526,5/16/2012,3743,437.2,263.33,1636439.6,985644.19,650795.41
Europe,Poland,Personal Care,Offline,C,04-05-2014,386440074,4/25/2014,5060,81.73,56.67,413553.8,286750.2,126803.6
Sub-Saharan Africa,Madagascar,Vegetables,Offline,C,9/19/2015,748350751,10/27/2015,2472,154.06,90.93,380836.32,224778.96,156057.36
Central America and the Caribbean,Saint Kitts and Nevis ,Personal Care,Online,L,08-12-2015,105630385,9/15/2015,7233,81.73,56.67,591153.09,409894.11,181258.98
Asia,Sri Lanka,Cosmetics,Offline,L,12/30/2013,691140305,01-08-2014,2630,437.2,263.33,1149836,692557.9,457278.1
Sub-Saharan Africa,Comoros,Cosmetics,Offline,H,10-08-2015,308054339,10/15/2015,8980,437.2,263.33,3926056,2364703.4,1561352.6
Sub-Saharan Africa,Senegal,Fruits,Offline,H,9/29/2011,879858815,10/30/2011,8631,9.33,6.92,80527.23,59726.52,20800.71
Europe,Finland,Vegetables,Online,H,9/28/2012,800352561,10/21/2012,963,154.06,90.93,148359.78,87565.59,60794.19
Sub-Saharan Africa,Sao Tome and Principe,Baby Food,Online,L,07-01-2015,783646905,08-10-2015,7388,255.28,159.42,1886008.64,1177794.96,708213.68
Europe,Poland,Beverages,Offline,C,01-08-2014,714165675,02-02-2014,6348,47.45,31.79,301212.6,201802.92,99409.68
Asia,Turkmenistan,Meat,Offline,H,12/20/2010,996645200,1/27/2011,8317,421.89,364.69,3508859.13,3033126.73,475732.4
Middle East and North Africa,Saudi Arabia,Office Supplies,Offline,M,11-02-2013,306134307,11/24/2013,799,651.21,524.96,520316.79,419443.04,100873.75
Asia,Brunei,Snacks,Offline,M,1/20/2016,537994325,2/28/2016,3331,152.58,97.44,508243.98,324572.64,183671.34
Asia,Philippines,Cereal,Online,M,11/20/2015,957899081,12/23/2015,2480,205.7,117.11,510136,290432.8,219703.2
Asia,India,Office Supplies,Online,M,09-04-2012,451834905,9/21/2012,6844,651.21,524.96,4456881.24,3592826.24,864055
Sub-Saharan Africa,Cote d'Ivoire,Baby Food,Online,H,8/13/2010,676100623,9/23/2010,2054,255.28,159.42,524345.12,327448.68,196896.44
Australia and Oceania,Vanuatu,Snacks,Offline,M,12/15/2014,207307565,12/29/2014,5770,152.58,97.44,880386.6,562228.8,318157.8
Asia,Japan,Baby Food,Offline,H,1/29/2013,392379558,03-09-2013,2685,255.28,159.42,685426.8,428042.7,257384.1
Australia and Oceania,Nauru,Cosmetics,Online,M,03-01-2016,398552930,3/29/2016,9524,437.2,263.33,4163892.8,2507954.92,1655937.88
Middle East and North Africa,Pakistan,Office Supplies,Offline,L,07-06-2017,363376510,08-10-2017,39,651.21,524.96,25397.19,20473.44,4923.75
Middle East and North Africa,Morocco,Vegetables,Offline,H,6/29/2011,944711625,7/23/2011,18,154.06,90.93,2773.08,1636.74,1136.34
Sub-Saharan Africa,Cameroon,Household,Online,C,6/18/2012,170732104,08-07-2012,2279,668.27,502.54,1522987.33,1145288.66,377698.67
Europe,Croatia,Beverages,Offline,L,2/22/2013,189924275,3/21/2013,1668,47.45,31.79,79146.6,53025.72,26120.88
Asia,Thailand,Clothes,Offline,L,02-06-2011,521086966,2/19/2011,68,109.28,35.84,7431.04,2437.12,4993.92
Asia,Kyrgyzstan,Meat,Online,M,07-11-2012,303331506,08-06-2012,1388,421.89,364.69,585583.32,506189.72,79393.6
Europe,Poland,Meat,Online,H,4/30/2013,546081721,5/22/2013,6571,421.89,364.69,2772239.19,2396377.99,375861.2
Europe,Switzerland,Baby Food,Online,C,6/26/2010,979073941,7/18/2010,8591,255.28,159.42,2193110.48,1369577.22,823533.26
Sub-Saharan Africa,Sao Tome and Principe,Vegetables,Offline,L,5/21/2013,502356994,6/24/2013,7453,154.06,90.93,1148209.18,677701.29,470507.89
Australia and Oceania,New Zealand,Meat,Online,H,05-07-2017,336292207,06-05-2017,5192,421.89,364.69,2190452.88,1893470.48,296982.4
Sub-Saharan Africa,Equatorial Guinea,Personal Care,Online,H,12/19/2014,871553409,01-05-2015,876,81.73,56.67,71595.48,49642.92,21952.56
Australia and Oceania,New Zealand,Personal Care,Offline,H,1/16/2015,319126927,02-06-2015,5604,81.73,56.67,458014.92,317578.68,140436.24
Sub-Saharan Africa,Liberia,Vegetables,Online,H,02-02-2016,560311591,02-05-2016,7506,154.06,90.93,1156374.36,682520.58,473853.78
Europe,Bosnia and Herzegovina,Personal Care,Offline,L,02-07-2010,396718728,3/18/2010,6742,81.73,56.67,551023.66,382069.14,168954.52
Australia and Oceania,Marshall Islands,Fruits,Online,H,8/30/2016,500272166,10-09-2016,506,9.33,6.92,4720.98,3501.52,1219.46
Asia,South Korea,Snacks,Online,L,12/18/2010,263208234,1/20/2011,8020,152.58,97.44,1223691.6,781468.8,442222.8
Europe,Hungary,Beverages,Offline,M,12-03-2010,948075759,01-04-2011,5540,47.45,31.79,262873,176116.6,86756.4
Europe,Sweden,Cereal,Offline,L,10/19/2012,737736070,11-03-2012,1352,205.7,117.11,278106.4,158332.72,119773.68
Europe,Slovakia,Household,Offline,L,2/20/2010,585362994,04-11-2010,773,668.27,502.54,516572.71,388463.42,128109.29
Middle East and North Africa,Morocco,Baby Food,Offline,M,09-07-2012,164442861,9/20/2012,1152,255.28,159.42,294082.56,183651.84,110430.72
Australia and Oceania,Samoa ,Office Supplies,Online,M,4/29/2012,118774497,5/24/2012,6868,651.21,524.96,4472510.28,3605425.28,867085
Australia and Oceania,Papua New Guinea,Baby Food,Online,M,2/26/2017,712469232,03-12-2017,4333,255.28,159.42,1106128.24,690766.86,415361.38
Sub-Saharan Africa,Ghana,Baby Food,Offline,C,5/26/2017,479950892,5/28/2017,6989,255.28,159.42,1784151.92,1114186.38,669965.54
Sub-Saharan Africa,Niger,Vegetables,Online,H,12-04-2011,275955808,12/25/2011,311,154.06,90.93,47912.66,28279.23,19633.43
Asia,India,Baby Food,Offline,M,01-07-2012,125532805,2/17/2012,6802,255.28,159.42,1736414.56,1084374.84,652039.72
Asia,Philippines,Clothes,Online,C,11/20/2014,574043214,01-05-2015,998,109.28,35.84,109061.44,35768.32,73293.12
Middle East and North Africa,Jordan,Personal Care,Online,H,01-08-2015,437160861,1/16/2015,4468,81.73,56.67,365169.64,253201.56,111968.08
Europe,Czech Republic,Baby Food,Offline,H,7/18/2015,850872075,08-01-2015,810,255.28,159.42,206776.8,129130.2,77646.6
Australia and Oceania,East Timor,Snacks,Offline,H,11-08-2016,321475684,12/16/2016,654,152.58,97.44,99787.32,63725.76,36061.56
Europe,Bosnia and Herzegovina,Office Supplies,Offline,C,11-08-2012,575583016,11/24/2012,6660,651.21,524.96,4337058.6,3496233.6,840825
Middle East and North Africa,Bahrain,Meat,Offline,M,06-08-2017,710117900,07-02-2017,8522,421.89,364.69,3595346.58,3107888.18,487458.4
Asia,Nepal,Fruits,Offline,L,04-05-2015,342316663,04-05-2015,7962,9.33,6.92,74285.46,55097.04,19188.42
Asia,Maldives,Cosmetics,Offline,C,12/27/2010,959728133,1/20/2011,3737,437.2,263.33,1633816.4,984064.21,649752.19
Australia and Oceania,Tuvalu,Vegetables,Offline,C,05-10-2010,970213639,06-12-2010,6631,154.06,90.93,1021571.86,602956.83,418615.03
Asia,Philippines,Cereal,Offline,M,05-11-2016,651947009,5/18/2016,4463,205.7,117.11,918039.1,522661.93,395377.17
North America,United States of America,Vegetables,Offline,H,05-12-2010,803414571,6/19/2010,7080,154.06,90.93,1090744.8,643784.4,446960.4
Sub-Saharan Africa,Tanzania,Fruits,Offline,M,06-03-2016,493415153,06-09-2016,1363,9.33,6.92,12716.79,9431.96,3284.83
Central America and the Caribbean,Barbados,Household,Offline,L,3/30/2014,211060082,04-03-2014,6223,668.27,502.54,4158644.21,3127306.42,1031337.79
Europe,Kosovo,Meat,Offline,H,02-01-2011,515773189,2/17/2011,7603,421.89,364.69,3207629.67,2772738.07,434891.6
Asia,Nepal,Office Supplies,Offline,H,4/15/2015,687290799,5/19/2015,3475,651.21,524.96,2262954.75,1824236,438718.75
Sub-Saharan Africa,Guinea-Bissau,Fruits,Online,C,4/21/2017,975661742,06-03-2017,8846,9.33,6.92,82533.18,61214.32,21318.86
Europe,Monaco,Personal Care,Online,H,3/29/2016,351247346,05-08-2016,750,81.73,56.67,61297.5,42502.5,18795
Europe,Portugal,Beverages,Offline,H,1/20/2016,554721438,1/28/2016,3256,47.45,31.79,154497.2,103508.24,50988.96
Asia,Turkmenistan,Clothes,Online,M,03-07-2014,247070348,4/23/2014,2461,109.28,35.84,268938.08,88202.24,180735.84
Asia,Thailand,Meat,Online,M,12-02-2012,859592902,1/14/2013,1497,421.89,364.69,631569.33,545940.93,85628.4
Australia and Oceania,Vanuatu,Vegetables,Online,L,8/22/2015,743900430,10-06-2015,5523,154.06,90.93,850873.38,502206.39,348666.99
Sub-Saharan Africa,Central African Republic,Household,Online,C,5/25/2015,121916759,07-05-2015,6733,668.27,502.54,4499461.91,3383601.82,1115860.09
Asia,Maldives,Personal Care,Online,C,11/26/2013,635878217,12/30/2013,9350,81.73,56.67,764175.5,529864.5,234311
Europe,Germany,Cereal,Offline,C,2/19/2010,398333632,03-02-2010,4629,205.7,117.11,952185.3,542102.19,410083.11
Sub-Saharan Africa,Botswana,Cosmetics,Online,H,9/22/2011,742144334,10/20/2011,5855,437.2,263.33,2559806,1541797.15,1018008.85
Europe,Vatican City,Beverages,Online,C,12/27/2015,370484149,1/19/2016,3348,47.45,31.79,158862.6,106432.92,52429.68
Europe,Denmark,Baby Food,Offline,H,9/29/2013,306839406,10-01-2013,9454,255.28,159.42,2413417.12,1507156.68,906260.44
Sub-Saharan Africa,South Sudan,Fruits,Online,L,10/26/2015,745008933,11-03-2015,3554,9.33,6.92,33158.82,24593.68,8565.14
Sub-Saharan Africa,Senegal,Vegetables,Online,M,05-12-2011,599104058,6/28/2011,7059,154.06,90.93,1087509.54,641874.87,445634.67
Europe,Estonia,Beverages,Offline,C,02-09-2017,653548610,2/21/2017,8412,47.45,31.79,399149.4,267417.48,131731.92
Europe,Belarus,Vegetables,Online,L,12/31/2012,413078916,01-11-2013,8086,154.06,90.93,1245729.16,735259.98,510469.18
Asia,Myanmar,Vegetables,Online,H,02-06-2014,352743804,3/19/2014,3585,154.06,90.93,552305.1,325984.05,226321.05
Australia and Oceania,New Zealand,Baby Food,Online,L,11-02-2013,567904603,11-12-2013,4447,255.28,159.42,1135230.16,708940.74,426289.42
North America,United States of America,Snacks,Online,C,6/27/2010,324235141,07-12-2010,7238,152.58,97.44,1104374.04,705270.72,399103.32
Europe,Italy,Snacks,Online,M,12/14/2010,307721745,01-01-2011,558,152.58,97.44,85139.64,54371.52,30768.12
Europe,Kosovo,Office Supplies,Online,C,11-09-2011,374663245,11/26/2011,35,651.21,524.96,22792.35,18373.6,4418.75
Europe,Ireland,Vegetables,Offline,C,11/16/2010,901670968,12-11-2010,3331,154.06,90.93,513173.86,302887.83,210286.03
Central America and the Caribbean,Antigua and Barbuda ,Snacks,Online,H,7/20/2010,535668742,8/31/2010,5139,152.58,97.44,784108.62,500744.16,283364.46
Asia,Bangladesh,Household,Offline,C,6/21/2014,243892896,7/22/2014,2183,668.27,502.54,1458833.41,1097044.82,361788.59
Middle East and North Africa,Lebanon,Clothes,Offline,C,12-11-2015,163892257,1/25/2016,8216,109.28,35.84,897844.48,294461.44,603383.04
North America,Greenland,Household,Offline,H,11/28/2016,953528153,1/16/2017,9025,668.27,502.54,6031136.75,4535423.5,1495713.25
Sub-Saharan Africa,Guinea,Fruits,Online,M,08-03-2016,640974414,9/20/2016,7428,9.33,6.92,69303.24,51401.76,17901.48
North America,United States of America,Baby Food,Offline,C,04-08-2015,474717366,4/14/2015,8273,255.28,159.42,2111931.44,1318881.66,793049.78
Australia and Oceania,East Timor,Meat,Online,C,07-04-2010,873555839,08-04-2010,3440,421.89,364.69,1451301.6,1254533.6,196768
Sub-Saharan Africa,Niger,Cereal,Online,M,1/30/2016,976601159,03-11-2016,6840,205.7,117.11,1406988,801032.4,605955.6
Central America and the Caribbean,El Salvador,Fruits,Offline,C,10-01-2012,893277156,11-12-2012,9416,9.33,6.92,87851.28,65158.72,22692.56
Europe,Montenegro,Cosmetics,Offline,L,8/19/2012,353320157,8/22/2012,4141,437.2,263.33,1810445.2,1090449.53,719995.67
Australia and Oceania,Palau,Baby Food,Offline,H,7/21/2017,956778991,8/25/2017,1020,255.28,159.42,260385.6,162608.4,97777.2
Sub-Saharan Africa,Botswana,Baby Food,Offline,L,04-03-2015,324014985,04-10-2015,2089,255.28,159.42,533279.92,333028.38,200251.54
Europe,Norway,Cereal,Offline,L,6/20/2013,645701968,7/21/2013,6416,205.7,117.11,1319771.2,751377.76,568393.44
Asia,Maldives,Fruits,Offline,L,06-08-2013,132826268,07-07-2013,5099,9.33,6.92,47573.67,35285.08,12288.59
Sub-Saharan Africa,Cote d'Ivoire,Meat,Offline,L,8/29/2013,666686713,09-10-2013,6269,421.89,364.69,2644828.41,2286241.61,358586.8
Europe,Poland,Office Supplies,Online,H,9/19/2013,148894631,9/25/2013,85,651.21,524.96,55352.85,44621.6,10731.25
Sub-Saharan Africa,Democratic Republic of the Congo,Beverages,Online,L,6/18/2010,151373851,07-12-2010,3741,47.45,31.79,177510.45,118926.39,58584.06
Sub-Saharan Africa,Sierra Leone,Personal Care,Offline,L,12/16/2016,966360700,1/27/2017,6461,81.73,56.67,528057.53,366144.87,161912.66
Central America and the Caribbean,Honduras,Baby Food,Online,M,04-04-2013,256404006,4/27/2013,4498,255.28,159.42,1148249.44,717071.16,431178.28
Central America and the Caribbean,Grenada,Household,Online,C,10-06-2010,704365098,11/23/2010,6140,668.27,502.54,4103177.8,3085595.6,1017582.2
Sub-Saharan Africa,Namibia,Baby Food,Online,C,08-05-2010,563417804,09-03-2010,6703,255.28,159.42,1711141.84,1068592.26,642549.58
Middle East and North Africa,Morocco,Vegetables,Offline,H,12-04-2014,407048451,1/23/2015,3537,154.06,90.93,544910.22,321619.41,223290.81
Asia,Japan,Beverages,Offline,M,8/21/2015,879055869,9/14/2015,1021,47.45,31.79,48446.45,32457.59,15988.86
Europe,Sweden,Baby Food,Online,L,04-03-2013,443551385,05-09-2013,5566,255.28,159.42,1420888.48,887331.72,533556.76
Middle East and North Africa,Iran,Personal Care,Online,L,2/25/2013,334958827,2/28/2013,615,81.73,56.67,50263.95,34852.05,15411.9
Europe,Vatican City,Clothes,Offline,H,03-11-2014,508014523,3/20/2014,1642,109.28,35.84,179437.76,58849.28,120588.48
Europe,Lithuania,Office Supplies,Online,C,07-08-2012,987767302,08-01-2012,1150,651.21,524.96,748891.5,603704,145187.5
Central America and the Caribbean,Costa Rica,Meat,Offline,L,11/28/2012,519578492,12/29/2012,3677,421.89,364.69,1551289.53,1340965.13,210324.4
Middle East and North Africa,Egypt,Snacks,Offline,M,06-06-2017,619121921,06-10-2017,789,152.58,97.44,120385.62,76880.16,43505.46
Middle East and North Africa,Libya,Baby Food,Offline,H,1/20/2014,622383916,2/18/2014,6086,255.28,159.42,1553634.08,970230.12,583403.96
Asia,Thailand,Clothes,Offline,L,10-05-2010,835663306,11-03-2010,197,109.28,35.84,21528.16,7060.48,14467.68
Middle East and North Africa,Pakistan,Personal Care,Online,C,08-03-2016,285571420,9/13/2016,5784,81.73,56.67,472726.32,327779.28,144947.04
Middle East and North Africa,Libya,Baby Food,Online,C,2/21/2015,769032084,04-03-2015,2538,255.28,159.42,647900.64,404607.96,243292.68
Sub-Saharan Africa,Botswana,Vegetables,Offline,L,10/19/2013,103281629,11-05-2013,2184,154.06,90.93,336467.04,198591.12,137875.92
Central America and the Caribbean,El Salvador,Cereal,Online,L,3/24/2017,675868880,05-11-2017,3476,205.7,117.11,715013.2,407074.36,307938.84
Sub-Saharan Africa,Sao Tome and Principe,Fruits,Offline,M,01-04-2016,894655168,1/26/2016,7200,9.33,6.92,67176,49824,17352
Sub-Saharan Africa,Comoros,Fruits,Online,M,2/23/2013,137814319,3/14/2013,1174,9.33,6.92,10953.42,8124.08,2829.34
Europe,Croatia,Baby Food,Offline,H,9/19/2012,103832662,10/20/2012,5247,255.28,159.42,1339454.16,836476.74,502977.42
Middle East and North Africa,Pakistan,Personal Care,Offline,H,1/25/2016,761509025,03-03-2016,6298,81.73,56.67,514735.54,356907.66,157827.88
Sub-Saharan Africa,Sierra Leone,Beverages,Online,M,6/18/2010,799954736,7/21/2010,3238,47.45,31.79,153643.1,102936.02,50707.08
Asia,Malaysia,Snacks,Offline,L,9/29/2010,778593623,11/17/2010,2010,152.58,97.44,306685.8,195854.4,110831.4
Central America and the Caribbean,Antigua and Barbuda ,Cosmetics,Offline,M,02-06-2010,877162015,03-07-2010,588,437.2,263.33,257073.6,154838.04,102235.56
Europe,Malta,Personal Care,Online,H,2/19/2014,445708739,2/27/2014,3975,81.73,56.67,324876.75,225263.25,99613.5
Sub-Saharan Africa,Botswana,Household,Offline,M,5/20/2014,254595124,6/21/2014,9210,668.27,502.54,6154766.7,4628393.4,1526373.3
Sub-Saharan Africa,Chad,Baby Food,Online,H,10/16/2014,244494998,11/21/2014,358,255.28,159.42,91390.24,57072.36,34317.88
Sub-Saharan Africa,Lesotho,Cereal,Online,M,10/22/2012,876394689,11-09-2012,3519,205.7,117.11,723858.3,412110.09,311748.21
Central America and the Caribbean,Dominican Republic,Fruits,Online,L,9/24/2010,881593024,10-09-2010,1822,9.33,6.92,16999.26,12608.24,4391.02
Sub-Saharan Africa,Burundi,Clothes,Online,C,12-01-2011,411701333,12/27/2011,428,109.28,35.84,46771.84,15339.52,31432.32
Asia,Brunei,Baby Food,Online,M,01-02-2017,588643443,02-11-2017,1531,255.28,159.42,390833.68,244072.02,146761.66
Europe,Macedonia,Beverages,Offline,M,7/24/2012,354655683,7/31/2012,9353,47.45,31.79,443799.85,297331.87,146467.98
Asia,Uzbekistan,Clothes,Offline,L,9/16/2012,522286880,10-03-2012,5149,109.28,35.84,562682.72,184540.16,378142.56
Europe,Belarus,Office Supplies,Offline,C,6/30/2017,624398362,7/24/2017,2206,651.21,524.96,1436569.26,1158061.76,278507.5
Europe,Liechtenstein,Beverages,Online,C,09-05-2016,264163959,9/22/2016,840,47.45,31.79,39858,26703.6,13154.4
Sub-Saharan Africa,Seychelles ,Beverages,Offline,M,3/21/2016,465069997,3/23/2016,3402,47.45,31.79,161424.9,108149.58,53275.32
Europe,Russia,Office Supplies,Offline,H,10/16/2011,520915305,11-07-2011,9270,651.21,524.96,6036716.7,4866379.2,1170337.5
Australia and Oceania,Australia,Beverages,Offline,H,04-09-2015,245811212,05-11-2015,9855,47.45,31.79,467619.75,313290.45,154329.3
Europe,Armenia,Cereal,Online,H,02-05-2013,424181544,03-04-2013,3600,205.7,117.11,740520,421596,318924
Europe,United Kingdom,Office Supplies,Online,H,07-03-2015,560762631,7/16/2015,979,651.21,524.96,637534.59,513935.84,123598.75
Australia and Oceania,Vanuatu,Office Supplies,Offline,H,11-02-2014,230603301,12-10-2014,9496,651.21,524.96,6183890.16,4985020.16,1198870
Australia and Oceania,Palau,Vegetables,Online,H,02-06-2012,429064881,2/15/2012,8688,154.06,90.93,1338473.28,789999.84,548473.44
Asia,South Korea,Household,Offline,C,2/17/2013,421821200,3/15/2013,5122,668.27,502.54,3422878.94,2574009.88,848869.06
Sub-Saharan Africa,Malawi,Office Supplies,Online,C,04-10-2017,894858586,5/27/2017,7396,651.21,524.96,4816349.16,3882604.16,933745
Asia,Tajikistan,Beverages,Offline,C,7/27/2013,804475867,8/18/2013,1141,47.45,31.79,54140.45,36272.39,17868.06
Sub-Saharan Africa,Niger,Baby Food,Offline,M,11-05-2014,527284371,11/18/2014,4018,255.28,159.42,1025715.04,640549.56,385165.48
Asia,Turkmenistan,Beverages,Offline,M,1/24/2016,510207927,2/15/2016,718,47.45,31.79,34069.1,22825.22,11243.88
Asia,Sri Lanka,Vegetables,Offline,C,3/31/2013,820482861,04-11-2013,7967,154.06,90.93,1227396.02,724439.31,502956.71
Middle East and North Africa,Tunisia ,Cosmetics,Online,M,11-05-2014,695658004,12-08-2014,9517,437.2,263.33,4160832.4,2506111.61,1654720.79
Australia and Oceania,Fiji,Cosmetics,Offline,H,3/25/2015,793594682,3/27/2015,1157,437.2,263.33,505840.4,304672.81,201167.59
Sub-Saharan Africa,Zambia,Baby Food,Online,M,08-12-2013,942466723,09-04-2013,5702,255.28,159.42,1455606.56,909012.84,546593.72
Sub-Saharan Africa,Sao Tome and Principe,Fruits,Offline,L,4/15/2010,590760457,4/28/2010,8002,9.33,6.92,74658.66,55373.84,19284.82
Sub-Saharan Africa,Liberia,Office Supplies,Offline,M,5/21/2010,157274711,6/17/2010,9937,651.21,524.96,6471073.77,5216527.52,1254546.25
Sub-Saharan Africa,Benin,Beverages,Offline,L,7/14/2012,581120812,8/16/2012,5417,47.45,31.79,257036.65,172206.43,84830.22
Sub-Saharan Africa,Mali,Fruits,Offline,H,8/23/2012,171722590,9/30/2012,5385,9.33,6.92,50242.05,37264.2,12977.85
Europe,Moldova ,Office Supplies,Offline,L,04-04-2015,458816373,4/16/2015,2815,651.21,524.96,1833156.15,1477762.4,355393.75
Asia,Vietnam,Beverages,Offline,H,8/16/2014,342450988,8/29/2014,7712,47.45,31.79,365934.4,245164.48,120769.92
Europe,Netherlands,Household,Offline,L,8/18/2013,142987763,09-01-2013,2112,668.27,502.54,1411386.24,1061364.48,350021.76
Middle East and North Africa,Pakistan,Clothes,Offline,L,06-12-2012,251100528,07-05-2012,5081,109.28,35.84,555251.68,182103.04,373148.64
Middle East and North Africa,Turkey,Cosmetics,Online,L,4/20/2012,677775609,05-05-2012,7719,437.2,263.33,3374746.8,2032644.27,1342102.53
Sub-Saharan Africa,Democratic Republic of the Congo,Snacks,Offline,M,9/15/2011,604311835,11-04-2011,8156,152.58,97.44,1244442.48,794720.64,449721.84
Sub-Saharan Africa,Botswana,Office Supplies,Online,H,3/26/2010,632320535,3/28/2010,6553,651.21,524.96,4267379.13,3440062.88,827316.25
Central America and the Caribbean,Barbados,Snacks,Online,L,4/23/2012,533725535,5/30/2012,101,152.58,97.44,15410.58,9841.44,5569.14
Sub-Saharan Africa,Equatorial Guinea,Personal Care,Online,L,11-09-2015,600763165,12-08-2015,8026,81.73,56.67,655964.98,454833.42,201131.56
Australia and Oceania,East Timor,Vegetables,Offline,L,1/24/2016,295982253,03-08-2016,6581,154.06,90.93,1013868.86,598410.33,415458.53
Sub-Saharan Africa,The Gambia,Meat,Offline,M,10-10-2016,502244126,10/17/2016,4053,421.89,364.69,1709920.17,1478088.57,231831.6
Middle East and North Africa,Somalia,Personal Care,Offline,L,07-11-2011,372722613,8/18/2011,5759,81.73,56.67,470683.07,326362.53,144320.54
Europe,Andorra,Snacks,Offline,C,1/23/2010,480904042,02-05-2010,9048,152.58,97.44,1380543.84,881637.12,498906.72
Middle East and North Africa,Egypt,Household,Offline,L,11-06-2011,570587241,11-08-2011,8299,668.27,502.54,5545972.73,4170579.46,1375393.27
Asia,Singapore,Cereal,Offline,H,5/27/2017,905883538,07-02-2017,9925,205.7,117.11,2041572.5,1162316.75,879255.75
Central America and the Caribbean,Saint Vincent and the Grenadines,Vegetables,Offline,L,12/13/2016,921216762,1/14/2017,7366,154.06,90.93,1134805.96,669790.38,465015.58
Europe,Armenia,Vegetables,Online,M,12-07-2016,571323239,01-01-2017,6097,154.06,90.93,939303.82,554400.21,384903.61
Sub-Saharan Africa,Senegal,Cosmetics,Online,M,6/28/2013,781251800,08-02-2013,8623,437.2,263.33,3769975.6,2270694.59,1499281.01
Asia,Taiwan,Meat,Offline,C,5/29/2011,296363770,7/13/2011,9480,421.89,364.69,3999517.2,3457261.2,542256
Middle East and North Africa,Libya,Vegetables,Online,H,9/26/2012,632332980,10/25/2012,236,154.06,90.93,36358.16,21459.48,14898.68
Middle East and North Africa,Azerbaijan,Cosmetics,Offline,H,1/14/2013,225145757,02-05-2013,4487,437.2,263.33,1961716.4,1181561.71,780154.69
Europe,Italy,Snacks,Online,H,9/16/2012,281100928,11-03-2012,2866,152.58,97.44,437294.28,279263.04,158031.24
Middle East and North Africa,Libya,Snacks,Online,H,3/22/2013,726809823,05-05-2013,8033,152.58,97.44,1225675.14,782735.52,442939.62
Europe,Croatia,Household,Online,L,4/26/2013,659196269,06-01-2013,9680,668.27,502.54,6468853.6,4864587.2,1604266.4
Europe,Bulgaria,Personal Care,Offline,H,10/24/2012,595496594,11-04-2012,9530,81.73,56.67,778886.9,540065.1,238821.8
Middle East and North Africa,Egypt,Cosmetics,Offline,C,5/14/2016,223259627,07-03-2016,6340,437.2,263.33,2771848,1669512.2,1102335.8
Sub-Saharan Africa,Guinea-Bissau,Vegetables,Online,H,7/25/2014,650346696,09-03-2014,894,154.06,90.93,137729.64,81291.42,56438.22
Europe,Ireland,Personal Care,Offline,H,5/30/2010,354931628,06-08-2010,1011,81.73,56.67,82629.03,57293.37,25335.66
Middle East and North Africa,Afghanistan,Snacks,Online,M,7/19/2015,135500752,7/21/2015,6539,152.58,97.44,997720.62,637160.16,360560.46
Central America and the Caribbean,Honduras,Cereal,Online,H,03-07-2016,860852897,4/25/2016,4357,205.7,117.11,896234.9,510248.27,385986.63
Middle East and North Africa,Qatar,Vegetables,Offline,H,9/23/2014,320099389,11-02-2014,3377,154.06,90.93,520260.62,307070.61,213190.01
Sub-Saharan Africa,Mali,Office Supplies,Offline,M,11/16/2010,872664058,11/25/2010,9542,651.21,524.96,6213845.82,5009168.32,1204677.5
Asia,Malaysia,Cereal,Offline,H,12/16/2012,898283231,12/18/2012,825,205.7,117.11,169702.5,96615.75,73086.75
Asia,Turkmenistan,Cereal,Online,L,06-11-2011,647005736,06-12-2011,2230,205.7,117.11,458711,261155.3,197555.7
Australia and Oceania,Solomon Islands,Beverages,Online,C,12/30/2012,889192903,01-01-2013,795,47.45,31.79,37722.75,25273.05,12449.7
Asia,Bhutan,Fruits,Online,L,01-02-2014,665518558,2/14/2014,585,9.33,6.92,5458.05,4048.2,1409.85
Europe,Spain,Meat,Offline,C,11/29/2011,436969029,12/17/2011,7701,421.89,364.69,3248974.89,2808477.69,440497.2
Asia,Taiwan,Cosmetics,Online,H,08-01-2016,734843146,8/17/2016,5272,437.2,263.33,2304918.4,1388275.76,916642.64
Europe,Moldova ,Vegetables,Online,L,3/28/2016,810752236,05-04-2016,8458,154.06,90.93,1303039.48,769085.94,533953.54
Europe,Italy,Office Supplies,Offline,C,07-08-2011,886620128,7/25/2011,9453,651.21,524.96,6155888.13,4962446.88,1193441.25
Sub-Saharan Africa,Mozambique,Meat,Online,M,09-11-2011,804683148,9/19/2011,2480,421.89,364.69,1046287.2,904431.2,141856
Australia and Oceania,Solomon Islands,Household,Online,L,10-02-2015,477490127,10-03-2015,8794,668.27,502.54,5876766.38,4419336.76,1457429.62
Australia and Oceania,Tonga,Snacks,Online,H,03-03-2016,337902390,4/21/2016,1681,152.58,97.44,256486.98,163796.64,92690.34
Europe,Finland,Cereal,Offline,M,04-10-2010,889093768,5/20/2010,1458,205.7,117.11,299910.6,170746.38,129164.22
Europe,Poland,Cereal,Online,C,08-06-2011,454550588,09-06-2011,475,205.7,117.11,97707.5,55627.25,42080.25
Asia,Turkmenistan,Clothes,Offline,H,10/24/2015,128071677,11-07-2015,8110,109.28,35.84,886260.8,290662.4,595598.4
Asia,North Korea,Personal Care,Online,M,1/30/2012,623768365,3/16/2012,5776,81.73,56.67,472072.48,327325.92,144746.56
Europe,Austria,Office Supplies,Online,L,2/18/2017,926064479,03-10-2017,1913,651.21,524.96,1245764.73,1004248.48,241516.25
Sub-Saharan Africa,Mali,Personal Care,Online,H,11/28/2010,539696347,01-11-2011,6997,81.73,56.67,571864.81,396519.99,175344.82
Australia and Oceania,Samoa ,Household,Offline,L,1/18/2016,839712798,1/31/2016,8532,668.27,502.54,5701679.64,4287671.28,1414008.36
Asia,Indonesia,Beverages,Offline,C,10/31/2010,121475160,12-08-2010,6054,47.45,31.79,287262.3,192456.66,94805.64
Central America and the Caribbean,Jamaica,Clothes,Online,H,04-01-2016,350657260,4/15/2016,6130,109.28,35.84,669886.4,219699.2,450187.2
Europe,Andorra,Fruits,Offline,C,6/29/2016,413245427,07-02-2016,7360,9.33,6.92,68668.8,50931.2,17737.6
Sub-Saharan Africa,Zimbabwe,Household,Offline,M,10-03-2015,165538489,10-08-2015,5372,668.27,502.54,3589946.44,2699644.88,890301.56
Europe,Finland,Beverages,Online,H,9/18/2011,884147775,10/19/2011,7829,47.45,31.79,371486.05,248883.91,122602.14
Sub-Saharan Africa,Guinea,Cosmetics,Online,C,6/24/2014,315997111,7/25/2014,9422,437.2,263.33,4119298.4,2481095.26,1638203.14
Europe,Andorra,Cosmetics,Online,C,6/30/2012,328322827,7/19/2012,6876,437.2,263.33,3006187.2,1810657.08,1195530.12
Europe,Germany,Snacks,Online,H,3/22/2014,158673751,05-10-2014,3944,152.58,97.44,601775.52,384303.36,217472.16
Europe,Italy,Snacks,Offline,L,01-07-2014,464911210,02-10-2014,6413,152.58,97.44,978495.54,624882.72,353612.82
Asia,Taiwan,Baby Food,Online,L,02-10-2011,175209033,03-10-2011,7101,255.28,159.42,1812743.28,1132041.42,680701.86
Middle East and North Africa,Morocco,Household,Online,L,05-09-2013,538053548,6/27/2013,856,668.27,502.54,572039.12,430174.24,141864.88
Sub-Saharan Africa,Republic of the Congo,Personal Care,Online,H,9/26/2010,172243583,9/27/2010,9559,81.73,56.67,781257.07,541708.53,239548.54
Central America and the Caribbean,The Bahamas,Baby Food,Offline,H,1/13/2017,916890466,1/16/2017,7119,255.28,159.42,1817338.32,1134910.98,682427.34
Asia,Maldives,Office Supplies,Online,M,01-04-2013,181418025,1/17/2013,4480,651.21,524.96,2917420.8,2351820.8,565600
Europe,Serbia,Beverages,Online,C,10-12-2010,395562589,12-01-2010,4615,47.45,31.79,218981.75,146710.85,72270.9
Europe,Italy,Baby Food,Offline,H,03-01-2012,459372985,3/22/2012,7529,255.28,159.42,1922003.12,1200273.18,721729.94
Europe,Armenia,Meat,Online,L,6/25/2012,693210542,8/13/2012,5259,421.89,364.69,2218719.51,1917904.71,300814.8
Asia,Kyrgyzstan,Personal Care,Offline,L,11/24/2011,587749087,01-07-2012,6871,81.73,56.67,561566.83,389379.57,172187.26
Europe,Sweden,Fruits,Offline,L,8/22/2011,153974950,9/20/2011,3464,9.33,6.92,32319.12,23970.88,8348.24
Sub-Saharan Africa,Kenya,Vegetables,Online,L,3/23/2010,373186957,04-07-2010,3169,154.06,90.93,488216.14,288157.17,200058.97
Australia and Oceania,Federated States of Micronesia,Personal Care,Offline,M,10/17/2014,946996438,11/13/2014,6145,81.73,56.67,502230.85,348237.15,153993.7
Europe,Romania,Snacks,Online,H,8/18/2014,747327220,9/15/2014,9587,152.58,97.44,1462784.46,934157.28,528627.18
Sub-Saharan Africa,Botswana,Household,Offline,H,3/23/2015,966415631,05-07-2015,2716,668.27,502.54,1815021.32,1364898.64,450122.68
Europe,Bosnia and Herzegovina,Clothes,Online,M,10-10-2011,166810500,11/21/2011,1789,109.28,35.84,195501.92,64117.76,131384.16
Australia and Oceania,Samoa ,Meat,Offline,H,09-08-2015,131373155,10/24/2015,5091,421.89,364.69,2147841.99,1856636.79,291205.2
Sub-Saharan Africa,Comoros,Vegetables,Online,L,12-04-2012,913277423,12/28/2012,7939,154.06,90.93,1223082.34,721893.27,501189.07
Europe,Lithuania,Personal Care,Offline,M,3/31/2013,386009633,04-05-2013,7683,81.73,56.67,627931.59,435395.61,192535.98
Europe,Germany,Personal Care,Offline,H,02-08-2016,993368613,2/16/2016,8702,81.73,56.67,711214.46,493142.34,218072.12
Sub-Saharan Africa,Ghana,Office Supplies,Offline,H,6/13/2014,299465692,6/26/2014,7408,651.21,524.96,4824163.68,3888903.68,935260
Middle East and North Africa,Israel,Vegetables,Offline,L,8/26/2013,438724696,10-05-2013,7242,154.06,90.93,1115702.52,658515.06,457187.46
Asia,Philippines,Cosmetics,Offline,H,7/29/2012,465881955,8/17/2012,3678,437.2,263.33,1608021.6,968527.74,639493.86
Europe,Germany,Baby Food,Online,L,12-09-2014,405986297,01-02-2015,9222,255.28,159.42,2354192.16,1470171.24,884020.92
Sub-Saharan Africa,Republic of the Congo,Household,Online,M,5/17/2010,804399049,6/23/2010,8409,668.27,502.54,5619482.43,4225858.86,1393623.57
Europe,Bulgaria,Beverages,Online,H,02-04-2016,476794040,03-07-2016,2807,47.45,31.79,133192.15,89234.53,43957.62
Middle East and North Africa,Egypt,Personal Care,Offline,L,6/30/2012,559157598,08-12-2012,6014,81.73,56.67,491524.22,340813.38,150710.84
Sub-Saharan Africa,Comoros,Cosmetics,Online,H,2/18/2015,457788550,04-04-2015,8660,437.2,263.33,3786152,2280437.8,1505714.2
Middle East and North Africa,Tunisia ,Vegetables,Online,L,4/30/2010,999298226,5/25/2010,3407,154.06,90.93,524882.42,309798.51,215083.91
Europe,Serbia,Meat,Offline,C,12/21/2011,380610454,12/29/2011,9946,421.89,364.69,4196117.94,3627206.74,568911.2
Asia,Brunei,Baby Food,Online,C,4/19/2012,918961560,5/24/2012,2,255.28,159.42,510.56,318.84,191.72
Sub-Saharan Africa,Mauritania,Office Supplies,Online,H,12/25/2015,501900374,1/24/2016,2329,651.21,524.96,1516668.09,1222631.84,294036.25
Sub-Saharan Africa,The Gambia,Household,Online,M,08-05-2013,237288224,09-09-2013,7713,668.27,502.54,5154366.51,3876091.02,1278275.49
Asia,Taiwan,Cosmetics,Online,C,9/19/2015,403298938,10/17/2015,3973,437.2,263.33,1736995.6,1046210.09,690785.51
Asia,Japan,Snacks,Offline,H,04-12-2011,898418843,4/14/2011,955,152.58,97.44,145713.9,93055.2,52658.7
Asia,Malaysia,Snacks,Offline,L,10-08-2016,791446769,11/13/2016,5541,152.58,97.44,845445.78,539915.04,305530.74
Central America and the Caribbean,Trinidad and Tobago,Beverages,Offline,M,11/22/2011,571494042,12/16/2011,6642,47.45,31.79,315162.9,211149.18,104013.72
Central America and the Caribbean,Haiti,Cosmetics,Offline,M,6/25/2011,797984492,8/13/2011,199,437.2,263.33,87002.8,52402.67,34600.13
Central America and the Caribbean,Trinidad and Tobago,Cosmetics,Offline,C,4/16/2016,750654447,4/19/2016,4187,437.2,263.33,1830556.4,1102562.71,727993.69
Sub-Saharan Africa,Uganda,Clothes,Offline,L,10/17/2016,679552733,11-08-2016,3610,109.28,35.84,394500.8,129382.4,265118.4
Europe,France,Vegetables,Offline,L,02-01-2012,455040681,02-02-2012,5504,154.06,90.93,847946.24,500478.72,347467.52
Europe,Iceland,Clothes,Online,M,09-10-2013,917792117,10-07-2013,3938,109.28,35.84,430344.64,141137.92,289206.72
Europe,Albania,Cosmetics,Offline,L,6/27/2011,728793370,08-12-2011,5009,437.2,263.33,2189934.8,1319019.97,870914.83
Sub-Saharan Africa,Chad,Fruits,Offline,C,05-04-2015,419343268,6/19/2015,1847,9.33,6.92,17232.51,12781.24,4451.27
Middle East and North Africa,Somalia,Cereal,Online,M,6/18/2013,141053140,7/13/2013,9613,205.7,117.11,1977394.1,1125778.43,851615.67
Sub-Saharan Africa,Mauritius ,Cereal,Online,C,1/27/2014,115846812,2/18/2014,501,205.7,117.11,103055.7,58672.11,44383.59
Europe,Austria,Fruits,Offline,M,4/20/2011,185960614,5/28/2011,8733,9.33,6.92,81478.89,60432.36,21046.53
Sub-Saharan Africa,Swaziland,Household,Offline,C,09-12-2011,263943374,9/25/2011,5565,668.27,502.54,3718922.55,2796635.1,922287.45
Sub-Saharan Africa,Djibouti,Office Supplies,Offline,M,4/26/2015,782656419,4/26/2015,4282,651.21,524.96,2788481.22,2247878.72,540602.5
Europe,Finland,Office Supplies,Offline,H,11/29/2011,445273578,01-09-2012,5201,651.21,524.96,3386943.21,2730316.96,656626.25
Asia,Taiwan,Office Supplies,Online,C,01-07-2015,275281178,2/14/2015,673,651.21,524.96,438264.33,353298.08,84966.25
Sub-Saharan Africa,Senegal,Fruits,Online,M,9/24/2012,466478049,10/29/2012,76,9.33,6.92,709.08,525.92,183.16
Middle East and North Africa,Somalia,Meat,Offline,H,12-08-2016,832975518,1/15/2017,4821,421.89,364.69,2033931.69,1758170.49,275761.2
Europe,Georgia,Baby Food,Online,L,1/26/2014,359197413,03-08-2014,3352,255.28,159.42,855698.56,534375.84,321322.72
Middle East and North Africa,Azerbaijan,Baby Food,Online,M,05-11-2014,349880063,05-12-2014,6141,255.28,159.42,1567674.48,978998.22,588676.26
Asia,Brunei,Cosmetics,Online,M,2/27/2010,380072295,3/15/2010,693,437.2,263.33,302979.6,182487.69,120491.91
Middle East and North Africa,Egypt,Household,Online,C,1/14/2010,545135438,2/27/2010,6545,668.27,502.54,4373827.15,3289124.3,1084702.85
Middle East and North Africa,United Arab Emirates,Baby Food,Offline,C,04-08-2012,110743319,05-09-2012,264,255.28,159.42,67393.92,42086.88,25307.04
Sub-Saharan Africa,Mauritius ,Cosmetics,Offline,C,03-09-2016,662882268,4/17/2016,449,437.2,263.33,196302.8,118235.17,78067.63
Sub-Saharan Africa,Guinea,Meat,Offline,C,11-04-2010,257851111,11/20/2010,2729,421.89,364.69,1151337.81,995239.01,156098.8
Sub-Saharan Africa,Zimbabwe,Baby Food,Offline,M,8/18/2016,172261178,9/13/2016,4765,255.28,159.42,1216409.2,759636.3,456772.9
Europe,Romania,Personal Care,Offline,L,5/14/2013,853036296,06-01-2013,1251,81.73,56.67,102244.23,70894.17,31350.06
Europe,Switzerland,Fruits,Offline,M,3/21/2012,567412793,3/27/2012,8910,9.33,6.92,83130.3,61657.2,21473.1
North America,Canada,Clothes,Offline,H,1/26/2014,352939498,03-10-2014,1495,109.28,35.84,163373.6,53580.8,109792.8
Sub-Saharan Africa,Togo,Clothes,Online,M,4/14/2013,867477738,5/27/2013,4795,109.28,35.84,523997.6,171852.8,352144.8
Europe,Ireland,Cosmetics,Offline,H,8/27/2016,139201343,09-06-2016,1625,437.2,263.33,710450,427911.25,282538.75
Central America and the Caribbean,Panama,Fruits,Offline,C,11/22/2016,316596639,12-04-2016,6836,9.33,6.92,63779.88,47305.12,16474.76
Sub-Saharan Africa,Central African Republic,Beverages,Online,H,7/25/2011,918462455,7/28/2011,2305,47.45,31.79,109372.25,73275.95,36096.3
Europe,Ukraine,Cosmetics,Online,C,06-09-2014,183910119,06-11-2014,1946,437.2,263.33,850791.2,512440.18,338351.02
Europe,Luxembourg,Clothes,Online,H,11-07-2013,922363460,11/23/2013,6700,109.28,35.84,732176,240128,492048
Central America and the Caribbean,El Salvador,Household,Online,M,05-08-2014,163558804,5/22/2014,9540,668.27,502.54,6375295.8,4794231.6,1581064.2
Sub-Saharan Africa,Cameroon,Fruits,Offline,L,03-07-2010,407544982,03-12-2010,472,9.33,6.92,4403.76,3266.24,1137.52
Middle East and North Africa,Iraq,Meat,Online,H,10/22/2011,174683320,11-03-2011,1531,421.89,364.69,645913.59,558340.39,87573.2
Australia and Oceania,New Zealand,Household,Offline,H,10/27/2011,755647647,12-09-2011,1786,668.27,502.54,1193530.22,897536.44,295993.78
Sub-Saharan Africa,Mali,Meat,Online,H,6/15/2011,361424291,07-05-2011,2334,421.89,364.69,984691.26,851186.46,133504.8
Sub-Saharan Africa,Togo,Baby Food,Online,H,10/14/2016,873312079,10/22/2016,1306,255.28,159.42,333395.68,208202.52,125193.16
Europe,Austria,Beverages,Offline,C,04-02-2012,192922341,05-01-2012,8863,47.45,31.79,420549.35,281754.77,138794.58
Europe,Monaco,Cereal,Online,L,06-03-2017,792178905,7/21/2017,2197,205.7,117.11,451922.9,257290.67,194632.23
Sub-Saharan Africa,Botswana,Baby Food,Online,C,1/24/2015,263318097,03-04-2015,531,255.28,159.42,135553.68,84652.02,50901.66
Sub-Saharan Africa,Equatorial Guinea,Office Supplies,Online,H,07-12-2015,768888747,7/29/2015,122,651.21,524.96,79447.62,64045.12,15402.5
Middle East and North Africa,Turkey,Household,Offline,H,1/25/2015,491752183,02-06-2015,9254,668.27,502.54,6184170.58,4650505.16,1533665.42
Middle East and North Africa,Somalia,Fruits,Offline,H,10/20/2014,385082232,11/28/2014,3245,9.33,6.92,30275.85,22455.4,7820.45
Central America and the Caribbean,El Salvador,Meat,Offline,C,11/26/2016,122365224,12/22/2016,9444,421.89,364.69,3984329.16,3444132.36,540196.8
Central America and the Caribbean,Haiti,Household,Online,H,04-06-2013,347399985,5/19/2013,2231,668.27,502.54,1490910.37,1121166.74,369743.63
Europe,Serbia,Beverages,Online,M,12/20/2011,424297845,01-08-2012,8016,47.45,31.79,380359.2,254828.64,125530.56
Sub-Saharan Africa,Lesotho,Office Supplies,Offline,M,10/28/2010,687482631,11/21/2010,243,651.21,524.96,158244.03,127565.28,30678.75
Australia and Oceania,Solomon Islands,Cosmetics,Offline,H,04-06-2016,191690671,5/18/2016,4384,437.2,263.33,1916684.8,1154438.72,762246.08
Australia and Oceania,Fiji,Cereal,Online,C,11-09-2016,761970794,12/20/2016,2945,205.7,117.11,605786.5,344888.95,260897.55
Europe,Ireland,Baby Food,Online,H,5/23/2017,243684327,5/30/2017,462,255.28,159.42,117939.36,73652.04,44287.32
Europe,San Marino,Clothes,Offline,M,05-07-2012,152505099,5/19/2012,8503,109.28,35.84,929207.84,304747.52,624460.32
Middle East and North Africa,Somalia,Cereal,Online,M,06-04-2012,724419438,7/16/2012,665,205.7,117.11,136790.5,77878.15,58912.35
Asia,Nepal,Household,Offline,M,6/16/2010,465726172,07-06-2010,7579,668.27,502.54,5064818.33,3808750.66,1256067.67
Europe,Georgia,Baby Food,Online,L,6/24/2015,203036630,7/28/2015,1905,255.28,159.42,486308.4,303695.1,182613.3
Sub-Saharan Africa,Republic of the Congo,Meat,Online,M,02-04-2011,833274638,2/13/2011,3337,421.89,364.69,1407846.93,1216970.53,190876.4
Sub-Saharan Africa,Guinea-Bissau,Household,Offline,H,04-05-2012,173676526,05-10-2012,3598,668.27,502.54,2404435.46,1808138.92,596296.54
Europe,Ukraine,Snacks,Offline,C,1/25/2016,611791121,03-03-2016,1443,152.58,97.44,220172.94,140605.92,79567.02
Sub-Saharan Africa,Mali,Cosmetics,Offline,C,02-04-2013,555479753,02-12-2013,7658,437.2,263.33,3348077.6,2016581.14,1331496.46
Sub-Saharan Africa,Zimbabwe,Beverages,Offline,H,12-04-2013,282916247,12/29/2013,59,47.45,31.79,2799.55,1875.61,923.94
Australia and Oceania,Vanuatu,Cereal,Online,C,1/20/2015,592586934,2/19/2015,8497,205.7,117.11,1747832.9,995083.67,752749.23
Central America and the Caribbean,Dominican Republic,Clothes,Online,M,04-05-2010,553290641,04-07-2010,9851,109.28,35.84,1076517.28,353059.84,723457.44
Asia,Vietnam,Clothes,Online,C,02-06-2017,654138696,3/16/2017,3031,109.28,35.84,331227.68,108631.04,222596.64
Europe,San Marino,Cereal,Offline,C,7/22/2012,554554927,08-06-2012,3981,205.7,117.11,818891.7,466214.91,352676.79
Europe,Bosnia and Herzegovina,Office Supplies,Offline,H,07-11-2012,434275662,8/13/2012,674,651.21,524.96,438915.54,353823.04,85092.5
Sub-Saharan Africa,Equatorial Guinea,Personal Care,Online,L,1/17/2015,543349730,02-07-2015,8115,81.73,56.67,663238.95,459877.05,203361.9
Sub-Saharan Africa,Guinea-Bissau,Baby Food,Offline,C,8/24/2011,752138459,9/22/2011,3339,255.28,159.42,852379.92,532303.38,320076.54
Sub-Saharan Africa,Mali,Vegetables,Online,L,11-07-2013,101315677,12/17/2013,415,154.06,90.93,63934.9,37735.95,26198.95
Asia,Sri Lanka,Cereal,Online,C,7/15/2011,851867711,7/17/2011,5441,205.7,117.11,1119213.7,637195.51,482018.19
Europe,Germany,Personal Care,Offline,H,7/27/2014,835093390,7/29/2014,1547,81.73,56.67,126436.31,87668.49,38767.82
Asia,Sri Lanka,Cereal,Online,L,2/28/2011,202604043,04-10-2011,3893,205.7,117.11,800790.1,455909.23,344880.87
Europe,Croatia,Beverages,Online,M,02-06-2017,976323497,02-10-2017,4674,47.45,31.79,221781.3,148586.46,73194.84
Sub-Saharan Africa,Mauritius ,Cosmetics,Online,C,5/18/2011,298488080,07-03-2011,8111,437.2,263.33,3546129.2,2135869.63,1410259.57
Sub-Saharan Africa,Senegal,Beverages,Online,M,09-09-2015,781646621,09-12-2015,5460,47.45,31.79,259077,173573.4,85503.6
North America,United States of America,Fruits,Online,M,12-09-2014,158660447,01-09-2015,7,9.33,6.92,65.31,48.44,16.87
Europe,Lithuania,Beverages,Online,H,01-09-2014,732703387,1/28/2014,2069,47.45,31.79,98174.05,65773.51,32400.54
Sub-Saharan Africa,Nigeria,Beverages,Offline,H,05-04-2011,827261769,5/26/2011,3996,47.45,31.79,189610.2,127032.84,62577.36
Central America and the Caribbean,Saint Kitts and Nevis ,Beverages,Online,C,2/15/2010,636134421,3/20/2010,5166,47.45,31.79,245126.7,164227.14,80899.56
Europe,Slovenia,Household,Online,C,09-10-2014,873432672,9/17/2014,6992,668.27,502.54,4672543.84,3513759.68,1158784.16
Europe,Serbia,Clothes,Online,C,6/25/2011,523580348,08-04-2011,7915,109.28,35.84,864951.2,283673.6,581277.6
Central America and the Caribbean,Belize,Personal Care,Online,H,9/17/2010,891313779,10/25/2010,8409,81.73,56.67,687267.57,476538.03,210729.54
Asia,Taiwan,Clothes,Offline,M,4/25/2012,651681792,06-12-2012,5979,109.28,35.84,653385.12,214287.36,439097.76
Europe,Greece,Personal Care,Online,M,4/16/2017,800045716,5/14/2017,161,81.73,56.67,13158.53,9123.87,4034.66
Australia and Oceania,New Zealand,Office Supplies,Online,L,05-01-2016,602079379,5/26/2016,7523,651.21,524.96,4899052.83,3949274.08,949778.75
Europe,Malta,Vegetables,Online,M,05-10-2016,743769109,05-11-2016,6662,154.06,90.93,1026347.72,605775.66,420572.06
Sub-Saharan Africa,Cameroon,Household,Online,C,12/22/2013,181413733,12/27/2013,3210,668.27,502.54,2145146.7,1613153.4,531993.3
Central America and the Caribbean,Antigua and Barbuda ,Fruits,Online,C,06-12-2014,191624581,08-01-2014,4827,9.33,6.92,45035.91,33402.84,11633.07
Middle East and North Africa,Qatar,Fruits,Offline,L,9/22/2012,321325480,10/25/2012,6205,9.33,6.92,57892.65,42938.6,14954.05
Sub-Saharan Africa,Mali,Office Supplies,Online,H,06-01-2012,637752759,6/22/2012,4069,651.21,524.96,2649773.49,2136062.24,513711.25
Sub-Saharan Africa,Ghana,Clothes,Online,L,5/24/2014,378455245,06-08-2014,2172,109.28,35.84,237356.16,77844.48,159511.68
Europe,San Marino,Snacks,Offline,L,01-09-2013,201294267,02-09-2013,6302,152.58,97.44,961559.16,614066.88,347492.28
Sub-Saharan Africa,Comoros,Meat,Offline,C,02-06-2015,834443652,2/27/2015,9275,421.89,364.69,3913029.75,3382499.75,530530
Asia,Tajikistan,Cereal,Online,M,05-02-2013,826389729,05-05-2013,5940,205.7,117.11,1221858,695633.4,526224.6
Sub-Saharan Africa,Gabon,Vegetables,Offline,M,11-11-2012,595931327,12/15/2012,8177,154.06,90.93,1259748.62,743534.61,516214.01
North America,Greenland,Personal Care,Offline,H,4/24/2012,182179772,5/23/2012,9898,81.73,56.67,808963.54,560919.66,248043.88
Sub-Saharan Africa,Mali,Fruits,Offline,M,03-02-2015,594558894,4/19/2015,2044,9.33,6.92,19070.52,14144.48,4926.04
Sub-Saharan Africa,Guinea-Bissau,Meat,Online,M,10/26/2010,662805020,11-02-2010,7589,421.89,364.69,3201723.21,2767632.41,434090.8
Asia,South Korea,Household,Offline,L,3/29/2016,186966979,4/17/2016,6539,668.27,502.54,4369817.53,3286109.06,1083708.47
Asia,Vietnam,Clothes,Online,C,08-09-2011,387406098,08-11-2011,928,109.28,35.84,101411.84,33259.52,68152.32
Australia and Oceania,Australia,Beverages,Online,C,3/20/2012,754796206,04-08-2012,9826,47.45,31.79,466243.7,312368.54,153875.16
Middle East and North Africa,Iraq,Beverages,Offline,C,9/27/2011,400123631,11-07-2011,4329,47.45,31.79,205411.05,137618.91,67792.14
Asia,Mongolia,Beverages,Online,C,04-02-2016,304687201,05-01-2016,2569,47.45,31.79,121899.05,81668.51,40230.54
Sub-Saharan Africa,Cape Verde,Meat,Offline,L,03-10-2010,170098245,3/19/2010,4705,421.89,364.69,1984992.45,1715866.45,269126
Europe,Portugal,Meat,Online,L,02-11-2013,668280589,3/28/2013,7932,421.89,364.69,3346431.48,2892721.08,453710.4
Sub-Saharan Africa,Djibouti,Personal Care,Offline,C,5/20/2015,291470563,5/30/2015,1472,81.73,56.67,120306.56,83418.24,36888.32
Middle East and North Africa,Somalia,Fruits,Offline,M,03-07-2012,302216994,3/29/2012,1579,9.33,6.92,14732.07,10926.68,3805.39
Central America and the Caribbean,Grenada,Cereal,Offline,L,12-04-2014,683381211,12-11-2014,6542,205.7,117.11,1345689.4,766133.62,579555.78
Sub-Saharan Africa,Niger,Office Supplies,Online,L,2/24/2017,588137042,3/28/2017,1675,651.21,524.96,1090776.75,879308,211468.75
Sub-Saharan Africa,Rwanda,Personal Care,Offline,C,6/18/2013,589970815,7/13/2013,4329,81.73,56.67,353809.17,245324.43,108484.74
Australia and Oceania,Fiji,Baby Food,Offline,M,11/23/2010,432681357,11/28/2010,8884,255.28,159.42,2267907.52,1416287.28,851620.24
Europe,Albania,Household,Online,C,7/14/2017,380379998,7/16/2017,1749,668.27,502.54,1168804.23,878942.46,289861.77
Europe,Netherlands,Clothes,Online,H,1/16/2016,767490565,2/23/2016,6368,109.28,35.84,695895.04,228229.12,467665.92
Australia and Oceania,East Timor,Vegetables,Online,M,11-06-2012,648749387,12/18/2012,8215,154.06,90.93,1265602.9,746989.95,518612.95
Central America and the Caribbean,Barbados,Fruits,Online,L,09-05-2011,949205291,10-11-2011,9794,9.33,6.92,91378.02,67774.48,23603.54
Asia,Sri Lanka,Meat,Offline,H,4/22/2017,414219605,4/27/2017,5641,421.89,364.69,2379881.49,2057216.29,322665.2
Sub-Saharan Africa,Chad,Snacks,Offline,C,8/25/2016,559466159,9/15/2016,7324,152.58,97.44,1117495.92,713650.56,403845.36
Europe,Iceland,Snacks,Offline,L,10/30/2012,720931279,11/18/2012,8441,152.58,97.44,1287927.78,822491.04,465436.74
North America,Mexico,Office Supplies,Offline,H,10/29/2013,304913794,11/21/2013,9623,651.21,524.96,6266593.83,5051690.08,1214903.75
Europe,United Kingdom,Snacks,Online,L,7/13/2013,138025033,08-03-2013,3529,152.58,97.44,538454.82,343865.76,194589.06
Asia,Brunei,Clothes,Offline,H,09-10-2010,217188823,10/19/2010,9854,109.28,35.84,1076845.12,353167.36,723677.76
Central America and the Caribbean,Grenada,Meat,Online,M,09-10-2012,159641492,9/24/2012,320,421.89,364.69,135004.8,116700.8,18304
Europe,Andorra,Meat,Offline,H,8/16/2016,552931869,09-09-2016,3682,421.89,364.69,1553398.98,1342788.58,210610.4
Sub-Saharan Africa,Zimbabwe,Snacks,Offline,L,1/26/2013,704921281,02-05-2013,727,152.58,97.44,110925.66,70838.88,40086.78
Sub-Saharan Africa,Guinea-Bissau,Snacks,Online,L,08-09-2012,893783557,9/28/2012,9271,152.58,97.44,1414569.18,903366.24,511202.94
Asia,Brunei,Office Supplies,Online,H,9/25/2011,118005025,10/30/2011,9164,651.21,524.96,5967688.44,4810733.44,1156955
Middle East and North Africa,Iran,Snacks,Offline,M,10/18/2011,146384513,12-04-2011,7285,152.58,97.44,1111545.3,709850.4,401694.9
Sub-Saharan Africa,Cape Verde,Clothes,Online,C,3/20/2015,568033349,4/17/2015,2546,109.28,35.84,278226.88,91248.64,186978.24
Europe,Liechtenstein,Fruits,Online,L,02-08-2014,142375361,2/19/2014,888,9.33,6.92,8285.04,6144.96,2140.08
Asia,Brunei,Beverages,Online,C,10/21/2016,849146878,11/30/2016,286,47.45,31.79,13570.7,9091.94,4478.76
Central America and the Caribbean,Panama,Personal Care,Online,H,10-09-2013,238396728,11/27/2013,5744,81.73,56.67,469457.12,325512.48,143944.64
Middle East and North Africa,Yemen,Snacks,Online,H,09-06-2011,880486238,10-10-2011,4299,152.58,97.44,655941.42,418894.56,237046.86
Europe,Belgium,Cosmetics,Offline,C,6/27/2014,916089236,7/28/2014,17,437.2,263.33,7432.4,4476.61,2955.79
Asia,Brunei,Cereal,Online,H,1/22/2012,806192052,2/28/2012,8998,205.7,117.11,1850888.6,1053755.78,797132.82
Asia,Malaysia,Cereal,Online,M,04-09-2014,182093513,5/17/2014,4372,205.7,117.11,899320.4,512004.92,387315.48
Asia,Japan,Fruits,Offline,H,11/26/2016,995404946,12/31/2016,1299,9.33,6.92,12119.67,8989.08,3130.59
Sub-Saharan Africa,South Sudan,Beverages,Online,C,01-12-2013,768050181,1/28/2013,1971,47.45,31.79,93523.95,62658.09,30865.86
Europe,Luxembourg,Fruits,Offline,L,12-06-2011,242265546,01-07-2012,614,9.33,6.92,5728.62,4248.88,1479.74
Sub-Saharan Africa,Swaziland,Office Supplies,Offline,M,7/31/2012,230599868,8/22/2012,8480,651.21,524.96,5522260.8,4451660.8,1070600
Europe,Malta,Cosmetics,Online,M,01-12-2015,265914475,2/21/2015,8857,437.2,263.33,3872280.4,2332313.81,1539966.59
North America,Canada,Household,Offline,M,08-10-2016,851383197,09-05-2016,2062,668.27,502.54,1377972.74,1036237.48,341735.26
Central America and the Caribbean,Jamaica,Personal Care,Offline,L,9/16/2015,310492360,10/21/2015,444,81.73,56.67,36288.12,25161.48,11126.64
Europe,Slovakia,Snacks,Online,L,7/26/2015,637040793,08-04-2015,3382,152.58,97.44,516025.56,329542.08,186483.48
Sub-Saharan Africa,Mauritania,Beverages,Online,H,12-03-2012,745139825,12-08-2012,2288,47.45,31.79,108565.6,72735.52,35830.08
Sub-Saharan Africa,Burkina Faso,Household,Online,M,12-07-2016,519213283,12/24/2016,5603,668.27,502.54,3744316.81,2815731.62,928585.19
Asia,Kazakhstan,Vegetables,Online,C,02-09-2015,363997495,02-11-2015,3802,154.06,90.93,585736.12,345715.86,240020.26
Europe,Andorra,Personal Care,Offline,L,12-12-2014,754541289,12/19/2014,4390,81.73,56.67,358794.7,248781.3,110013.4
Central America and the Caribbean,Jamaica,Household,Online,H,06-11-2017,886205995,7/21/2017,6902,668.27,502.54,4612399.54,3468531.08,1143868.46
Sub-Saharan Africa,Republic of the Congo,Baby Food,Online,C,4/19/2013,924665439,06-07-2013,7906,255.28,159.42,2018243.68,1260374.52,757869.16
Asia,Myanmar,Household,Online,H,12/30/2016,655905950,02-11-2017,6001,668.27,502.54,4010288.27,3015742.54,994545.73
Sub-Saharan Africa,Benin,Beverages,Offline,H,01-03-2010,836226356,1/26/2010,6816,47.45,31.79,323419.2,216680.64,106738.56
Middle East and North Africa,Turkey,Household,Offline,C,9/25/2012,942237985,9/25/2012,8013,668.27,502.54,5354847.51,4026853.02,1327994.49
Asia,South Korea,Cereal,Online,H,7/24/2012,520864665,8/20/2012,4284,205.7,117.11,881218.8,501699.24,379519.56
Middle East and North Africa,Bahrain,Snacks,Offline,H,02-01-2013,539342725,2/15/2013,2353,152.58,97.44,359020.74,229276.32,129744.42
Asia,Kyrgyzstan,Baby Food,Offline,M,03-11-2015,235220992,3/26/2015,5974,255.28,159.42,1525042.72,952375.08,572667.64
Asia,Tajikistan,Cereal,Online,C,3/27/2013,266360795,5/13/2013,933,205.7,117.11,191918.1,109263.63,82654.47
Asia,Singapore,Baby Food,Online,H,01-06-2014,460935962,1/16/2014,49,255.28,159.42,12508.72,7811.58,4697.14
Sub-Saharan Africa,Botswana,Cereal,Online,M,3/31/2010,267432820,4/24/2010,8169,205.7,117.11,1680363.3,956671.59,723691.71
Sub-Saharan Africa,Seychelles ,Cereal,Offline,H,8/20/2014,104650199,10-01-2014,7174,205.7,117.11,1475691.8,840147.14,635544.66
Central America and the Caribbean,Honduras,Cosmetics,Online,L,8/30/2010,911699426,10-03-2010,975,437.2,263.33,426270,256746.75,169523.25
Middle East and North Africa,Yemen,Baby Food,Offline,L,12/14/2016,998004329,12/20/2016,514,255.28,159.42,131213.92,81941.88,49272.04
Asia,Cambodia,Personal Care,Online,L,05-03-2015,993301236,06-01-2015,8764,81.73,56.67,716281.72,496655.88,219625.84
Europe,Serbia,Vegetables,Offline,L,3/16/2015,697638976,3/26/2015,5731,154.06,90.93,882917.86,521119.83,361798.03
Middle East and North Africa,Bahrain,Cosmetics,Online,C,11/16/2011,431378877,12-08-2011,3451,437.2,263.33,1508777.2,908751.83,600025.37
Australia and Oceania,Federated States of Micronesia,Vegetables,Offline,C,02-01-2013,585194766,2/25/2013,990,154.06,90.93,152519.4,90020.7,62498.7
Central America and the Caribbean,Haiti,Personal Care,Offline,C,07-01-2012,270072972,08-09-2012,9449,81.73,56.67,772266.77,535474.83,236791.94
Europe,Czech Republic,Baby Food,Online,C,03-10-2016,467312324,04-08-2016,6956,255.28,159.42,1775727.68,1108925.52,666802.16
Middle East and North Africa,Azerbaijan,Fruits,Offline,C,03-02-2016,878524148,3/20/2016,3673,9.33,6.92,34269.09,25417.16,8851.93
Central America and the Caribbean,Antigua and Barbuda ,Cosmetics,Online,C,11-08-2016,375632274,11/28/2016,6792,437.2,263.33,2969462.4,1788537.36,1180925.04
Sub-Saharan Africa,Senegal,Fruits,Offline,M,03-03-2016,150873029,3/13/2016,5537,9.33,6.92,51660.21,38316.04,13344.17
Sub-Saharan Africa,Malawi,Vegetables,Offline,C,11/18/2016,566795241,11/22/2016,6162,154.06,90.93,949317.72,560310.66,389007.06
Asia,Bhutan,Personal Care,Online,M,04-04-2015,706260240,05-04-2015,6954,81.73,56.67,568350.42,394083.18,174267.24
Europe,Slovenia,Clothes,Online,L,5/26/2012,622441852,5/28/2012,3231,109.28,35.84,353083.68,115799.04,237284.64
Middle East and North Africa,Azerbaijan,Beverages,Offline,H,6/30/2010,888826406,07-01-2010,2340,47.45,31.79,111033,74388.6,36644.4
Europe,Bulgaria,Meat,Online,C,7/27/2016,349212729,09-11-2016,8662,421.89,364.69,3654411.18,3158944.78,495466.4
Asia,Tajikistan,Meat,Offline,L,01-01-2016,167712152,1/16/2016,8607,421.89,364.69,3631207.23,3138886.83,492320.4
Middle East and North Africa,Egypt,Fruits,Offline,M,2/28/2014,678748500,3/29/2014,5619,9.33,6.92,52425.27,38883.48,13541.79
Australia and Oceania,Fiji,Household,Online,C,6/26/2017,937058103,7/16/2017,5171,668.27,502.54,3455624.17,2598634.34,856989.83
Middle East and North Africa,Turkey,Clothes,Online,M,7/19/2014,967689788,7/28/2014,9767,109.28,35.84,1067337.76,350049.28,717288.48
Sub-Saharan Africa,Togo,Cosmetics,Offline,L,2/14/2010,416004884,3/17/2010,3945,437.2,263.33,1724754,1038836.85,685917.15
Australia and Oceania,Tuvalu,Baby Food,Offline,C,11-07-2013,797677218,11/14/2013,9270,255.28,159.42,2366445.6,1477823.4,888622.2
Central America and the Caribbean,Belize,Snacks,Online,C,9/16/2013,548693120,10-10-2013,9342,152.58,97.44,1425402.36,910284.48,515117.88
Asia,South Korea,Fruits,Online,H,02-04-2010,875351417,02-08-2010,4791,9.33,6.92,44700.03,33153.72,11546.31
Sub-Saharan Africa,Gabon,Snacks,Online,H,1/22/2012,804263436,2/28/2012,8278,152.58,97.44,1263057.24,806608.32,456448.92
Europe,Hungary,Cosmetics,Online,H,10-06-2010,332353007,11/22/2010,9495,437.2,263.33,4151214,2500318.35,1650895.65
Europe,Slovakia,Meat,Offline,H,08-08-2013,876856458,8/29/2013,166,421.89,364.69,70033.74,60538.54,9495.2
Asia,Singapore,Vegetables,Online,M,02-01-2010,325322616,03-12-2010,9046,154.06,90.93,1393626.76,822552.78,571073.98
Asia,Myanmar,Household,Online,L,07-08-2013,685612809,8/17/2013,6921,668.27,502.54,4625096.67,3478079.34,1147017.33
Sub-Saharan Africa,Central African Republic,Beverages,Offline,M,10-05-2011,435900866,10-07-2011,1608,47.45,31.79,76299.6,51118.32,25181.28
Asia,Nepal,Baby Food,Online,C,6/15/2016,374673116,07-04-2016,2956,255.28,159.42,754607.68,471245.52,283362.16
Sub-Saharan Africa,Mauritius ,Cereal,Offline,L,10/21/2013,470728385,11-09-2013,7845,205.7,117.11,1613716.5,918727.95,694988.55
Europe,Bulgaria,Beverages,Offline,C,10/19/2013,313178002,12-06-2013,5185,47.45,31.79,246028.25,164831.15,81197.1
Europe,Kosovo,Personal Care,Online,L,2/17/2016,461445796,3/22/2016,920,81.73,56.67,75191.6,52136.4,23055.2
Sub-Saharan Africa,Lesotho,Personal Care,Online,L,12/26/2013,195268094,1/21/2014,3023,81.73,56.67,247069.79,171313.41,75756.38
Central America and the Caribbean,El Salvador,Snacks,Offline,C,12/20/2012,664693725,12/24/2012,6499,152.58,97.44,991617.42,633262.56,358354.86
Sub-Saharan Africa,Mozambique,Snacks,Online,C,03-09-2012,840084016,3/26/2012,8384,152.58,97.44,1279230.72,816936.96,462293.76
Sub-Saharan Africa,Senegal,Cosmetics,Offline,L,08-05-2015,662112796,9/24/2015,2745,437.2,263.33,1200114,722840.85,477273.15
Australia and Oceania,Samoa ,Vegetables,Online,C,1/20/2013,591766393,03-10-2013,5681,154.06,90.93,875214.86,516573.33,358641.53
Sub-Saharan Africa,Sao Tome and Principe,Clothes,Online,H,06-11-2014,260343635,06-12-2014,322,109.28,35.84,35188.16,11540.48,23647.68
Asia,Japan,Meat,Offline,C,7/20/2015,719455850,7/27/2015,1829,421.89,364.69,771636.81,667018.01,104618.8
Europe,Spain,Cosmetics,Offline,C,01-03-2017,391026866,01-08-2017,2394,437.2,263.33,1046656.8,630412.02,416244.78
Asia,Laos,Personal Care,Offline,L,12/15/2012,917293012,1/30/2013,6241,81.73,56.67,510076.93,353677.47,156399.46
Australia and Oceania,Solomon Islands,Baby Food,Offline,L,07-08-2017,410803115,7/27/2017,4626,255.28,159.42,1180925.28,737476.92,443448.36
Europe,Germany,Vegetables,Offline,C,08-07-2015,204418504,09-03-2015,833,154.06,90.93,128331.98,75744.69,52587.29
Sub-Saharan Africa,Democratic Republic of the Congo,Personal Care,Online,C,02-05-2012,801313006,2/15/2012,5180,81.73,56.67,423361.4,293550.6,129810.8
Europe,Romania,Meat,Offline,L,12/22/2012,524972951,1/17/2013,17,421.89,364.69,7172.13,6199.73,972.4
Europe,Latvia,Beverages,Online,C,11/27/2013,469197165,12-11-2013,4723,47.45,31.79,224106.35,150144.17,73962.18
Middle East and North Africa,Jordan,Office Supplies,Offline,L,8/17/2011,448096978,9/18/2011,708,651.21,524.96,461056.68,371671.68,89385
Australia and Oceania,Fiji,Clothes,Online,H,4/17/2015,346096217,05-10-2015,6417,109.28,35.84,701249.76,229985.28,471264.48
Central America and the Caribbean,Cuba,Fruits,Online,H,5/28/2012,567931210,07-12-2012,2321,9.33,6.92,21654.93,16061.32,5593.61
Europe,Sweden,Household,Offline,H,6/23/2010,688650786,08-07-2010,5926,668.27,502.54,3960168.02,2978052.04,982115.98
Australia and Oceania,Marshall Islands,Baby Food,Online,M,6/30/2010,803616273,7/30/2010,6768,255.28,159.42,1727735.04,1078954.56,648780.48
North America,Greenland,Snacks,Offline,M,9/26/2010,178501498,11/15/2010,1415,152.58,97.44,215900.7,137877.6,78023.1
Sub-Saharan Africa,Mauritius ,Cosmetics,Offline,H,7/16/2010,399292790,7/28/2010,8465,437.2,263.33,3700898,2229088.45,1471809.55
Sub-Saharan Africa,Comoros,Office Supplies,Online,L,02-02-2014,422288978,2/21/2014,3548,651.21,524.96,2310493.08,1862558.08,447935
Asia,Cambodia,Vegetables,Offline,C,07-01-2011,624101388,7/31/2011,4324,154.06,90.93,666155.44,393181.32,272974.12
Australia and Oceania,Marshall Islands,Cereal,Online,C,11/14/2012,551653850,01-01-2013,5488,205.7,117.11,1128881.6,642699.68,486181.92
Central America and the Caribbean,Dominica,Meat,Online,L,3/26/2014,272182691,4/30/2014,3762,421.89,364.69,1587150.18,1371963.78,215186.4
Europe,Macedonia,Office Supplies,Online,M,6/17/2016,823236739,08-01-2016,2900,651.21,524.96,1888509,1522384,366125
Sub-Saharan Africa,Mozambique,Personal Care,Offline,L,12-02-2013,162677323,01-11-2014,8690,81.73,56.67,710233.7,492462.3,217771.4
Central America and the Caribbean,The Bahamas,Household,Online,M,5/29/2013,818678271,6/25/2013,3948,668.27,502.54,2638329.96,1984027.92,654302.04
Europe,Armenia,Fruits,Offline,L,3/17/2015,439725911,04-07-2015,3524,9.33,6.92,32878.92,24386.08,8492.84
Asia,Japan,Beverages,Offline,H,11/17/2016,344619071,12/16/2016,9296,47.45,31.79,441095.2,295519.84,145575.36
Sub-Saharan Africa,Ghana,Baby Food,Offline,M,1/20/2017,572469079,02-06-2017,5177,255.28,159.42,1321584.56,825317.34,496267.22
Sub-Saharan Africa,Lesotho,Beverages,Offline,M,8/22/2011,332699763,10-05-2011,2108,47.45,31.79,100024.6,67013.32,33011.28
Europe,Cyprus,Snacks,Online,H,10-01-2012,255047452,10/30/2012,3064,152.58,97.44,467505.12,298556.16,168948.96
Australia and Oceania,Samoa ,Cosmetics,Online,H,8/22/2014,139560973,9/21/2014,8048,437.2,263.33,3518585.6,2119279.84,1399305.76
Middle East and North Africa,Tunisia ,Clothes,Online,M,8/14/2012,306601655,09-02-2012,9098,109.28,35.84,994229.44,326072.32,668157.12
Asia,Indonesia,Beverages,Offline,M,06-06-2014,246843326,06-12-2014,5280,47.45,31.79,250536,167851.2,82684.8
Asia,Singapore,Office Supplies,Online,M,9/24/2013,871272313,10-09-2013,7694,651.21,524.96,5010409.74,4039042.24,971367.5
Central America and the Caribbean,Panama,Fruits,Online,M,08-08-2016,461187446,8/14/2016,4469,9.33,6.92,41695.77,30925.48,10770.29
Sub-Saharan Africa,Burundi,Cosmetics,Offline,M,1/18/2015,518200051,1/22/2015,5766,437.2,263.33,2520895.2,1518360.78,1002534.42
Sub-Saharan Africa,Chad,Beverages,Offline,M,6/30/2013,814233958,7/23/2013,8777,47.45,31.79,416468.65,279020.83,137447.82
Asia,Japan,Cosmetics,Offline,H,06-07-2017,741525495,7/16/2017,2727,437.2,263.33,1192244.4,718100.91,474143.49
Europe,Malta,Meat,Offline,C,6/26/2014,662623488,07-11-2014,3870,421.89,364.69,1632714.3,1411350.3,221364
Europe,San Marino,Vegetables,Offline,M,1/22/2016,560389268,2/22/2016,492,154.06,90.93,75797.52,44737.56,31059.96
Middle East and North Africa,Morocco,Fruits,Offline,C,09-12-2015,487996661,9/13/2015,7911,9.33,6.92,73809.63,54744.12,19065.51
North America,Greenland,Vegetables,Online,L,7/29/2015,118931996,08-04-2015,3475,154.06,90.93,535358.5,315981.75,219376.75
Sub-Saharan Africa,Ethiopia,Cosmetics,Online,L,2/24/2015,996994102,03-10-2015,1565,437.2,263.33,684218,412111.45,272106.55
Asia,India,Personal Care,Online,C,12-10-2014,686294305,12/15/2014,8591,81.73,56.67,702142.43,486851.97,215290.46
Australia and Oceania,New Zealand,Baby Food,Offline,C,10-02-2012,421256434,11/20/2012,7995,255.28,159.42,2040963.6,1274562.9,766400.7
Asia,Bangladesh,Fruits,Online,L,01-08-2015,156616818,02-04-2015,5252,9.33,6.92,49001.16,36343.84,12657.32
Asia,Brunei,Vegetables,Online,C,4/25/2010,817424285,05-06-2010,2866,154.06,90.93,441535.96,260605.38,180930.58
Sub-Saharan Africa,Ethiopia,Cereal,Offline,M,12/27/2010,249040162,02-01-2011,5373,205.7,117.11,1105226.1,629232.03,475994.07
Europe,France,Office Supplies,Offline,C,07-12-2011,867138278,08-04-2011,4341,651.21,524.96,2826902.61,2278851.36,548051.25
Sub-Saharan Africa,Niger,Beverages,Offline,L,1/22/2015,207704961,1/29/2015,3368,47.45,31.79,159811.6,107068.72,52742.88
Central America and the Caribbean,Nicaragua,Vegetables,Offline,H,5/31/2014,377039039,6/14/2014,3085,154.06,90.93,475275.1,280519.05,194756.05
Asia,Kazakhstan,Cereal,Offline,H,1/21/2011,401751840,2/21/2011,6152,205.7,117.11,1265466.4,720460.72,545005.68
Sub-Saharan Africa,Lesotho,Clothes,Offline,L,4/23/2011,278767192,5/25/2011,2262,109.28,35.84,247191.36,81070.08,166121.28
Europe,Montenegro,Household,Online,H,12/25/2014,525321424,12/31/2014,3138,668.27,502.54,2097031.26,1576970.52,520060.74
Australia and Oceania,Vanuatu,Vegetables,Online,H,08-05-2011,828963363,09-06-2011,7535,154.06,90.93,1160842.1,685157.55,475684.55
Europe,Cyprus,Clothes,Online,H,06-10-2014,497554337,7/28/2014,6240,109.28,35.84,681907.2,223641.6,458265.6
Sub-Saharan Africa,Burundi,Fruits,Offline,M,5/22/2011,709268176,6/25/2011,7070,9.33,6.92,65963.1,48924.4,17038.7
Middle East and North Africa,Saudi Arabia,Snacks,Offline,L,1/29/2014,462591207,03-01-2014,9873,152.58,97.44,1506422.34,962025.12,544397.22
Europe,Vatican City,Personal Care,Offline,M,4/15/2016,626322257,05-05-2016,1529,81.73,56.67,124965.17,86648.43,38316.74
Australia and Oceania,Tonga,Vegetables,Offline,M,11-09-2012,789572656,12/24/2012,950,154.06,90.93,146357,86383.5,59973.5
Europe,Netherlands,Baby Food,Offline,C,1/21/2011,611766231,2/26/2011,4077,255.28,159.42,1040776.56,649955.34,390821.22
Central America and the Caribbean,Honduras,Office Supplies,Offline,C,8/21/2011,272639310,9/29/2011,8885,651.21,524.96,5786000.85,4664269.6,1121731.25
Central America and the Caribbean,Honduras,Fruits,Online,H,8/22/2012,922240722,9/29/2012,379,9.33,6.92,3536.07,2622.68,913.39
Europe,Montenegro,Baby Food,Offline,H,03-03-2013,630931794,04-01-2013,5593,255.28,159.42,1427781.04,891636.06,536144.98
Europe,San Marino,Office Supplies,Offline,L,03-04-2017,239386355,4/20/2017,8597,651.21,524.96,5598452.37,4513081.12,1085371.25
Asia,Bangladesh,Clothes,Online,C,07-11-2014,208590734,8/19/2014,5488,109.28,35.84,599728.64,196689.92,403038.72
Sub-Saharan Africa,Cameroon,Personal Care,Offline,M,02-03-2015,169843757,3/19/2015,9397,81.73,56.67,768016.81,532527.99,235488.82
Asia,Philippines,Cereal,Online,H,09-01-2014,274756753,09-09-2014,5484,205.7,117.11,1128058.8,642231.24,485827.56
Middle East and North Africa,Iraq,Personal Care,Online,H,11/19/2013,745253551,12-12-2013,5942,81.73,56.67,485639.66,336733.14,148906.52
Sub-Saharan Africa,Lesotho,Cereal,Online,C,6/15/2014,523570477,7/23/2014,4994,205.7,117.11,1027265.8,584847.34,442418.46
Asia,Uzbekistan,Snacks,Online,H,05-10-2015,422256362,6/23/2015,3896,152.58,97.44,594451.68,379626.24,214825.44
Europe,Germany,Household,Offline,M,8/21/2016,874172532,10-02-2016,5933,668.27,502.54,3964845.91,2981569.82,983276.09
Australia and Oceania,Papua New Guinea,Household,Offline,C,8/18/2015,582492816,09-11-2015,1423,668.27,502.54,950948.21,715114.42,235833.79
Europe,Iceland,Personal Care,Offline,C,9/19/2010,570703542,11-03-2010,2715,81.73,56.67,221896.95,153859.05,68037.9
Europe,Hungary,Cosmetics,Online,M,9/20/2012,132603538,11-06-2012,9188,437.2,263.33,4016993.6,2419476.04,1597517.56
Central America and the Caribbean,Panama,Cereal,Offline,M,10/20/2010,882304131,11/25/2010,2254,205.7,117.11,463647.8,263965.94,199681.86
Middle East and North Africa,Tunisia ,Baby Food,Online,M,2/13/2014,904229152,2/19/2014,355,255.28,159.42,90624.4,56594.1,34030.3
Middle East and North Africa,Iraq,Office Supplies,Offline,L,03-06-2010,603114926,3/22/2010,3964,651.21,524.96,2581396.44,2080941.44,500455
Sub-Saharan Africa,Liberia,Snacks,Online,H,1/20/2014,454010283,1/30/2014,587,152.58,97.44,89564.46,57197.28,32367.18
Europe,Czech Republic,Meat,Offline,L,08-06-2011,552276551,9/24/2011,9759,421.89,364.69,4117224.51,3559009.71,558214.8
Europe,Macedonia,Snacks,Offline,M,3/22/2016,163587558,4/19/2016,8048,152.58,97.44,1227963.84,784197.12,443766.72
Central America and the Caribbean,Haiti,Beverages,Offline,M,2/16/2012,873929631,2/25/2012,4053,47.45,31.79,192314.85,128844.87,63469.98
Sub-Saharan Africa,Mauritania,Cereal,Online,L,1/26/2011,739601600,03-10-2011,3404,205.7,117.11,700202.8,398642.44,301560.36
Sub-Saharan Africa,Nigeria,Cosmetics,Online,M,9/25/2010,137214791,11-02-2010,3761,437.2,263.33,1644309.2,990384.13,653925.07
Sub-Saharan Africa,Tanzania,Fruits,Offline,C,8/26/2013,413693034,10/13/2013,9817,9.33,6.92,91592.61,67933.64,23658.97
Asia,Laos,Fruits,Offline,H,11-07-2015,736272656,12-12-2015,8296,9.33,6.92,77401.68,57408.32,19993.36
Sub-Saharan Africa,Nigeria,Baby Food,Offline,L,8/18/2010,342502486,8/18/2010,2952,255.28,159.42,753586.56,470607.84,282978.72
Central America and the Caribbean,Dominica,Cosmetics,Offline,L,1/29/2015,790243852,02-10-2015,9572,437.2,263.33,4184878.4,2520594.76,1664283.64
Asia,Malaysia,Personal Care,Online,M,04-09-2013,107670581,05-01-2013,972,81.73,56.67,79441.56,55083.24,24358.32
Australia and Oceania,Nauru,Household,Online,H,1/24/2013,443269002,3/13/2013,2003,668.27,502.54,1338544.81,1006587.62,331957.19
Europe,Andorra,Baby Food,Offline,M,01-10-2012,415837943,2/23/2012,4543,255.28,159.42,1159737.04,724245.06,435491.98
Australia and Oceania,Papua New Guinea,Beverages,Offline,L,05-08-2016,964488732,06-06-2016,2504,47.45,31.79,118814.8,79602.16,39212.64
Europe,Hungary,Baby Food,Offline,H,5/17/2014,398645198,5/26/2014,6828,255.28,159.42,1743051.84,1088519.76,654532.08
Sub-Saharan Africa,Burundi,Fruits,Online,C,8/23/2010,248043668,8/29/2010,488,9.33,6.92,4553.04,3376.96,1176.08
North America,Canada,Cosmetics,Online,C,7/20/2014,312732970,8/17/2014,3490,437.2,263.33,1525828,919021.7,606806.3
Europe,Latvia,Personal Care,Offline,H,11-02-2013,913074433,12/17/2013,7870,81.73,56.67,643215.1,445992.9,197222.2
Middle East and North Africa,Iraq,Household,Offline,C,3/31/2016,639741885,4/18/2016,2695,668.27,502.54,1800987.65,1354345.3,446642.35
Sub-Saharan Africa,Angola,Office Supplies,Online,C,06-09-2015,403721654,6/29/2015,9064,651.21,524.96,5902567.44,4758237.44,1144330
Asia,Bhutan,Clothes,Offline,H,6/27/2017,286312568,07-09-2017,5106,109.28,35.84,557983.68,182999.04,374984.64
Europe,Andorra,Fruits,Offline,H,5/27/2014,889125955,6/15/2014,983,9.33,6.92,9171.39,6802.36,2369.03
Australia and Oceania,Australia,Beverages,Offline,M,08-10-2010,184085643,8/14/2010,3887,47.45,31.79,184438.15,123567.73,60870.42
Europe,Austria,Fruits,Offline,H,08-06-2011,263427960,9/20/2011,3042,9.33,6.92,28381.86,21050.64,7331.22
Asia,Sri Lanka,Beverages,Offline,H,7/23/2012,589701735,7/26/2012,4703,47.45,31.79,223157.35,149508.37,73648.98
Asia,Bhutan,Vegetables,Offline,C,05-03-2017,245768296,05-12-2017,7155,154.06,90.93,1102299.3,650604.15,451695.15
Australia and Oceania,Vanuatu,Beverages,Offline,L,11/22/2011,184801471,12/20/2011,5717,47.45,31.79,271271.65,181743.43,89528.22
Australia and Oceania,Solomon Islands,Baby Food,Online,M,7/21/2013,980287587,8/30/2013,7736,255.28,159.42,1974846.08,1233273.12,741572.96
Middle East and North Africa,Tunisia ,Baby Food,Online,C,3/14/2014,576025474,3/25/2014,7593,255.28,159.42,1938341.04,1210476.06,727864.98
Asia,Bangladesh,Snacks,Online,H,05-10-2014,136126458,06-02-2014,1699,152.58,97.44,259233.42,165550.56,93682.86
Sub-Saharan Africa,Mali,Beverages,Online,L,10/26/2011,895014369,12-11-2011,3496,47.45,31.79,165885.2,111137.84,54747.36
Asia,Turkmenistan,Beverages,Online,C,01-10-2013,107425534,1/21/2013,8458,47.45,31.79,401332.1,268879.82,132452.28
Sub-Saharan Africa,Niger,Cosmetics,Offline,M,2/15/2014,498408782,3/28/2014,9089,437.2,263.33,3973710.8,2393406.37,1580304.43
Sub-Saharan Africa,Benin,Cosmetics,Online,M,4/27/2012,813325440,5/15/2012,9927,437.2,263.33,4340084.4,2614076.91,1726007.49
Sub-Saharan Africa,The Gambia,Baby Food,Offline,M,04-01-2017,767849338,4/17/2017,2537,255.28,159.42,647645.36,404448.54,243196.82
Middle East and North Africa,Algeria,Fruits,Offline,L,11/18/2016,597966802,12-07-2016,520,9.33,6.92,4851.6,3598.4,1253.2
Middle East and North Africa,United Arab Emirates,Personal Care,Online,C,8/18/2011,609976661,8/20/2011,4504,81.73,56.67,368111.92,255241.68,112870.24
Europe,Liechtenstein,Meat,Online,H,07-12-2010,730490243,7/14/2010,7151,421.89,364.69,3016935.39,2607898.19,409037.2
Middle East and North Africa,Yemen,Personal Care,Online,H,4/29/2012,956431376,6/14/2012,8153,81.73,56.67,666344.69,462030.51,204314.18
Europe,Poland,Cereal,Online,L,11-01-2016,905036389,11/20/2016,9234,205.7,117.11,1899433.8,1081393.74,818040.06
Australia and Oceania,Federated States of Micronesia,Meat,Offline,H,7/28/2013,263854110,7/30/2013,9149,421.89,364.69,3859871.61,3336548.81,523322.8
Central America and the Caribbean,Honduras,Baby Food,Online,C,11-02-2015,140745866,12-06-2015,8684,255.28,159.42,2216851.52,1384403.28,832448.24
Sub-Saharan Africa,Djibouti,Clothes,Online,C,6/28/2011,813885486,08-10-2011,5656,109.28,35.84,618087.68,202711.04,415376.64
Europe,Montenegro,Clothes,Online,C,03-04-2012,381759297,3/25/2012,9914,109.28,35.84,1083401.92,355317.76,728084.16
Europe,Belarus,Cosmetics,Offline,M,09-02-2011,613166129,10/21/2011,8338,437.2,263.33,3645373.6,2195645.54,1449728.06
Sub-Saharan Africa,Democratic Republic of the Congo,Snacks,Offline,H,5/22/2012,197217309,06-11-2012,9839,152.58,97.44,1501234.62,958712.16,542522.46
Central America and the Caribbean,The Bahamas,Clothes,Offline,M,01-09-2014,593336665,1/24/2014,359,109.28,35.84,39231.52,12866.56,26364.96
Europe,Ukraine,Office Supplies,Offline,M,05-03-2017,181260526,06-03-2017,7872,651.21,524.96,5126325.12,4132485.12,993840
Sub-Saharan Africa,Chad,Snacks,Online,L,10/14/2012,111037719,12-03-2012,7383,152.58,97.44,1126498.14,719399.52,407098.62
Asia,Tajikistan,Office Supplies,Online,M,8/16/2014,253029572,09-03-2014,5928,651.21,524.96,3860372.88,3111962.88,748410
Middle East and North Africa,Algeria,Clothes,Offline,H,8/27/2011,547909915,9/17/2011,7574,109.28,35.84,827686.72,271452.16,556234.56
Asia,Myanmar,Vegetables,Online,M,6/19/2016,556665074,6/26/2016,8421,154.06,90.93,1297339.26,765721.53,531617.73
Central America and the Caribbean,Dominican Republic,Household,Offline,L,3/19/2016,810593879,04-01-2016,1597,668.27,502.54,1067227.19,802556.38,264670.81
Middle East and North Africa,Oman,Clothes,Offline,L,04-04-2014,561307656,05-12-2014,2264,109.28,35.84,247409.92,81141.76,166268.16
Australia and Oceania,Fiji,Cosmetics,Offline,L,3/27/2011,930730235,4/15/2011,2614,437.2,263.33,1142840.8,688344.62,454496.18
Central America and the Caribbean,Barbados,Clothes,Online,L,06-04-2016,861097943,06-12-2016,6872,109.28,35.84,750972.16,246292.48,504679.68
Europe,Georgia,Snacks,Online,C,09-01-2013,264959609,10/18/2013,6291,152.58,97.44,959880.78,612995.04,346885.74
Europe,Malta,Fruits,Online,L,7/31/2010,475176560,09-04-2010,4159,9.33,6.92,38803.47,28780.28,10023.19
Europe,Armenia,Baby Food,Offline,H,1/23/2012,194922626,02-07-2012,791,255.28,159.42,201926.48,126101.22,75825.26
Europe,France,Snacks,Offline,M,07-03-2016,447684133,8/14/2016,8538,152.58,97.44,1302728.04,831942.72,470785.32
Europe,Liechtenstein,Personal Care,Online,H,01-04-2012,527259910,01-11-2012,6779,81.73,56.67,554047.67,384165.93,169881.74
Asia,Uzbekistan,Beverages,Online,M,6/15/2010,247761285,07-03-2010,6925,47.45,31.79,328591.25,220145.75,108445.5
Central America and the Caribbean,Nicaragua,Meat,Offline,C,06-03-2013,393612086,6/21/2013,7418,421.89,364.69,3129580.02,2705270.42,424309.6
Sub-Saharan Africa,Rwanda,Clothes,Offline,M,12/30/2015,469548642,1/13/2016,8732,109.28,35.84,954232.96,312954.88,641278.08
Asia,Vietnam,Fruits,Online,M,7/13/2010,950619781,7/17/2010,8373,9.33,6.92,78120.09,57941.16,20178.93
Sub-Saharan Africa,Guinea,Cosmetics,Offline,M,03-02-2013,132186830,4/16/2013,5875,437.2,263.33,2568550,1547063.75,1021486.25
Europe,Hungary,Baby Food,Online,M,08-10-2014,879923617,9/15/2014,7807,255.28,159.42,1992970.96,1244591.94,748379.02
Europe,Portugal,Snacks,Offline,H,03-09-2014,279816472,4/14/2014,2767,152.58,97.44,422188.86,269616.48,152572.38
Australia and Oceania,Solomon Islands,Beverages,Offline,C,02-04-2016,888164222,3/20/2016,6385,47.45,31.79,302968.25,202979.15,99989.1
Sub-Saharan Africa,Cote d'Ivoire,Cosmetics,Online,H,06-11-2010,381578195,07-05-2010,6322,437.2,263.33,2763978.4,1664772.26,1099206.14
Sub-Saharan Africa,Uganda,Household,Online,M,11/27/2014,106982219,12/22/2014,7271,668.27,502.54,4858991.17,3653968.34,1205022.83
Central America and the Caribbean,Haiti,Fruits,Offline,H,5/14/2010,131612622,5/25/2010,5954,9.33,6.92,55550.82,41201.68,14349.14
Europe,Cyprus,Snacks,Online,M,11-05-2012,593018233,12-11-2012,6128,152.58,97.44,935010.24,597112.32,337897.92
Europe,Macedonia,Baby Food,Online,H,9/16/2016,349060380,9/28/2016,3578,255.28,159.42,913391.84,570404.76,342987.08
Central America and the Caribbean,Trinidad and Tobago,Household,Online,M,08-11-2013,127912890,9/26/2013,1122,668.27,502.54,749798.94,563849.88,185949.06
Sub-Saharan Africa,Cape Verde,Cosmetics,Offline,C,5/27/2011,278062093,5/28/2011,3607,437.2,263.33,1576980.4,949831.31,627149.09
Central America and the Caribbean,Costa Rica,Fruits,Offline,H,3/21/2015,318306815,4/26/2015,2915,9.33,6.92,27196.95,20171.8,7025.15
Middle East and North Africa,Somalia,Cereal,Online,H,2/13/2016,287758386,03-02-2016,2956,205.7,117.11,608049.2,346177.16,261872.04
Asia,Brunei,Fruits,Offline,L,01-03-2010,295840632,01-06-2010,4672,9.33,6.92,43589.76,32330.24,11259.52
Asia,Taiwan,Beverages,Online,H,7/30/2016,972289884,08-11-2016,1038,47.45,31.79,49253.1,32998.02,16255.08
Middle East and North Africa,Afghanistan,Vegetables,Online,C,12-06-2014,317154967,12-09-2014,2058,154.06,90.93,317055.48,187133.94,129921.54
Central America and the Caribbean,Guatemala,Meat,Offline,H,07-12-2015,450797212,8/30/2015,9767,421.89,364.69,4120599.63,3561927.23,558672.4
Europe,Latvia,Household,Offline,C,12/18/2010,863890445,12/25/2010,3235,668.27,502.54,2161853.45,1625716.9,536136.55
Europe,Armenia,Personal Care,Online,C,1/16/2010,667420995,1/18/2010,3559,81.73,56.67,290877.07,201688.53,89188.54
Europe,Montenegro,Vegetables,Offline,H,04-10-2011,842687690,5/26/2011,8869,154.06,90.93,1366358.14,806458.17,559899.97
Australia and Oceania,East Timor,Personal Care,Offline,H,3/25/2014,191301858,04-06-2014,9326,81.73,56.67,762213.98,528504.42,233709.56
Middle East and North Africa,Lebanon,Cereal,Online,L,10-08-2015,285187327,10/22/2015,2123,205.7,117.11,436701.1,248624.53,188076.57
Central America and the Caribbean,Grenada,Meat,Offline,M,10/20/2013,516580426,11/18/2013,6483,421.89,364.69,2735112.87,2364285.27,370827.6
Sub-Saharan Africa,Seychelles ,Meat,Offline,L,02-09-2011,348029983,03-02-2011,8661,421.89,364.69,3653989.29,3158580.09,495409.2
Central America and the Caribbean,Grenada,Office Supplies,Offline,L,07-07-2011,662397325,7/23/2011,6943,651.21,524.96,4521351.03,3644797.28,876553.75
Sub-Saharan Africa,Nigeria,Snacks,Offline,L,2/19/2016,612856280,3/24/2016,6647,152.58,97.44,1014199.26,647683.68,366515.58
Europe,San Marino,Beverages,Offline,L,01-02-2012,772893178,01-02-2012,5122,47.45,31.79,243038.9,162828.38,80210.52
Sub-Saharan Africa,Mauritius ,Baby Food,Online,H,9/21/2013,886306846,10/27/2013,6746,255.28,159.42,1722118.88,1075447.32,646671.56
Asia,Indonesia,Vegetables,Online,C,3/29/2014,317208611,4/17/2014,7932,154.06,90.93,1222003.92,721256.76,500747.16
Sub-Saharan Africa,Republic of the Congo,Baby Food,Offline,L,05-11-2011,300022304,06-02-2011,2122,255.28,159.42,541704.16,338289.24,203414.92
Europe,Czech Republic,Snacks,Online,M,07-05-2011,789484250,7/30/2011,4789,152.58,97.44,730705.62,466640.16,264065.46
Sub-Saharan Africa,Republic of the Congo,Cereal,Offline,M,11-03-2010,910643279,12/22/2010,8438,205.7,117.11,1735696.6,988174.18,747522.42
Central America and the Caribbean,Saint Kitts and Nevis ,Meat,Offline,L,2/17/2014,308860719,3/18/2014,7605,421.89,364.69,3208473.45,2773467.45,435006
Middle East and North Africa,Somalia,Snacks,Online,M,11/14/2015,499810397,12/21/2015,3858,152.58,97.44,588653.64,375923.52,212730.12
North America,Greenland,Clothes,Online,C,08-10-2011,819478642,8/18/2011,796,109.28,35.84,86986.88,28528.64,58458.24
Australia and Oceania,Palau,Baby Food,Offline,L,11/22/2016,674164283,12-10-2016,9048,255.28,159.42,2309773.44,1442432.16,867341.28
Sub-Saharan Africa,Mauritius ,Cereal,Offline,L,6/22/2010,890478646,6/24/2010,1275,205.7,117.11,262267.5,149315.25,112952.25
Sub-Saharan Africa,Mauritania,Meat,Online,M,10/26/2013,565345561,12-02-2013,7170,421.89,364.69,3024951.3,2614827.3,410124
North America,Canada,Household,Online,H,08-04-2011,216001355,8/15/2011,8456,668.27,502.54,5650891.12,4249478.24,1401412.88
Australia and Oceania,Palau,Beverages,Online,M,01-10-2016,429994857,01-11-2016,3888,47.45,31.79,184485.6,123599.52,60886.08
Australia and Oceania,Solomon Islands,Office Supplies,Online,C,2/17/2010,515187394,04-06-2010,4253,651.21,524.96,2769596.13,2232654.88,536941.25
Sub-Saharan Africa,Nigeria,Office Supplies,Online,L,1/24/2012,749752795,2/23/2012,7368,651.21,524.96,4798115.28,3867905.28,930210
Sub-Saharan Africa,Comoros,Beverages,Offline,M,9/29/2010,132177388,11-07-2010,3081,47.45,31.79,146193.45,97944.99,48248.46
Asia,Thailand,Baby Food,Online,L,02-06-2015,431260001,02-11-2015,8273,255.28,159.42,2111931.44,1318881.66,793049.78
Europe,Vatican City,Personal Care,Offline,M,5/24/2012,336111962,6/16/2012,1854,81.73,56.67,151527.42,105066.18,46461.24
Sub-Saharan Africa,Equatorial Guinea,Personal Care,Online,M,6/20/2017,406157100,7/13/2017,9766,81.73,56.67,798175.18,553439.22,244735.96
Europe,San Marino,Household,Offline,H,12-09-2015,821131742,12-09-2015,9985,668.27,502.54,6672675.95,5017861.9,1654814.05
Sub-Saharan Africa,Sao Tome and Principe,Personal Care,Online,M,5/28/2013,931084716,07-07-2013,7513,81.73,56.67,614037.49,425761.71,188275.78
Sub-Saharan Africa,Seychelles ,Baby Food,Offline,H,7/20/2016,606377351,8/25/2016,9388,255.28,159.42,2396568.64,1496634.96,899933.68
Sub-Saharan Africa,Togo,Vegetables,Online,L,03-07-2014,687683475,04-01-2014,9677,154.06,90.93,1490838.62,879929.61,610909.01
Middle East and North Africa,Somalia,Cosmetics,Offline,C,4/23/2011,735989415,4/27/2011,4478,437.2,263.33,1957781.6,1179191.74,778589.86
Central America and the Caribbean,Antigua and Barbuda ,Snacks,Offline,M,3/27/2010,382594001,04-07-2010,6922,152.58,97.44,1056158.76,674479.68,381679.08
Europe,Liechtenstein,Household,Online,M,4/27/2014,679108560,06-11-2014,2169,668.27,502.54,1449477.63,1090009.26,359468.37
Sub-Saharan Africa,Equatorial Guinea,Beverages,Online,M,8/18/2016,947456920,9/30/2016,2412,47.45,31.79,114449.4,76677.48,37771.92
Europe,Lithuania,Personal Care,Offline,L,4/19/2011,129875409,4/26/2011,1875,81.73,56.67,153243.75,106256.25,46987.5
Central America and the Caribbean,Panama,Baby Food,Offline,H,6/14/2012,838912856,07-11-2012,1811,255.28,159.42,462312.08,288709.62,173602.46
North America,United States of America,Beverages,Offline,C,7/25/2012,807430589,7/30/2012,5509,47.45,31.79,261402.05,175131.11,86270.94
Sub-Saharan Africa,Angola,Office Supplies,Online,L,7/16/2016,538602435,8/19/2016,3284,651.21,524.96,2138573.64,1723968.64,414605
Europe,Ireland,Fruits,Offline,H,03-12-2015,155914723,3/29/2015,7486,9.33,6.92,69844.38,51803.12,18041.26
Europe,Spain,Fruits,Online,H,10-09-2011,753166282,11/25/2011,7495,9.33,6.92,69928.35,51865.4,18062.95
Sub-Saharan Africa,Chad,Baby Food,Online,C,7/30/2010,344468438,8/27/2010,4721,255.28,159.42,1205176.88,752621.82,452555.06
Asia,Malaysia,Cosmetics,Offline,L,3/13/2013,614245021,3/20/2013,7606,437.2,263.33,3325343.2,2002887.98,1322455.22
Central America and the Caribbean,Belize,Fruits,Online,L,9/18/2014,167232358,10/30/2014,6626,9.33,6.92,61820.58,45851.92,15968.66
Central America and the Caribbean,Antigua and Barbuda ,Snacks,Online,C,1/20/2015,378479278,2/15/2015,9284,152.58,97.44,1416552.72,904632.96,511919.76
Europe,Andorra,Cereal,Offline,M,3/20/2015,443347108,04-09-2015,5116,205.7,117.11,1052361.2,599134.76,453226.44
Europe,Iceland,Office Supplies,Online,C,6/19/2013,527509677,07-10-2013,691,651.21,524.96,449986.11,362747.36,87238.75
Europe,Ireland,Beverages,Offline,H,9/20/2016,416953313,10/29/2016,4606,47.45,31.79,218554.7,146424.74,72129.96
Middle East and North Africa,Libya,Beverages,Online,M,01-08-2014,867976844,02-01-2014,2491,47.45,31.79,118197.95,79188.89,39009.06
Sub-Saharan Africa,Burkina Faso,Vegetables,Offline,M,8/16/2010,457191598,9/23/2010,2008,154.06,90.93,309352.48,182587.44,126765.04
Australia and Oceania,Solomon Islands,Fruits,Offline,H,8/19/2016,531521403,9/19/2016,7850,9.33,6.92,73240.5,54322,18918.5
Middle East and North Africa,Oman,Office Supplies,Online,L,12-06-2012,258202588,12/23/2012,6738,651.21,524.96,4387852.98,3537180.48,850672.5
Sub-Saharan Africa,Sierra Leone,Snacks,Online,M,7/15/2015,674783980,09-02-2015,2430,152.58,97.44,370769.4,236779.2,133990.2
Europe,Bosnia and Herzegovina,Cereal,Online,C,3/30/2011,639126908,05-10-2011,710,205.7,117.11,146047,83148.1,62898.9
Europe,Belarus,Beverages,Online,L,06-03-2014,879405200,7/20/2014,4396,47.45,31.79,208590.2,139748.84,68841.36
Europe,Slovenia,Beverages,Offline,H,3/17/2010,844105184,4/20/2010,8337,47.45,31.79,395590.65,265033.23,130557.42
Australia and Oceania,Kiribati,Household,Offline,C,4/24/2011,952025687,05-01-2011,4412,668.27,502.54,2948407.24,2217206.48,731200.76
Central America and the Caribbean,Costa Rica,Office Supplies,Online,C,05-11-2016,342278039,6/16/2016,6533,651.21,524.96,4254354.93,3429563.68,824791.25
Sub-Saharan Africa,Democratic Republic of the Congo,Clothes,Online,H,09-09-2013,924286067,10-04-2013,5642,109.28,35.84,616557.76,202209.28,414348.48
Central America and the Caribbean,Grenada,Clothes,Offline,L,06-01-2015,627786099,7/18/2015,4712,109.28,35.84,514927.36,168878.08,346049.28
Sub-Saharan Africa,Mozambique,Household,Online,M,10/15/2015,152826964,10/22/2015,3750,668.27,502.54,2506012.5,1884525,621487.5
Sub-Saharan Africa,Sudan,Household,Online,M,2/13/2010,719769990,3/15/2010,4790,668.27,502.54,3201013.3,2407166.6,793846.7
Sub-Saharan Africa,Benin,Snacks,Online,H,9/23/2013,919289004,10/17/2013,6900,152.58,97.44,1052802,672336,380466
Australia and Oceania,Palau,Baby Food,Online,M,09-10-2012,762370336,9/23/2012,1179,255.28,159.42,300975.12,187956.18,113018.94
Australia and Oceania,Fiji,Cosmetics,Online,M,02-07-2013,330312812,2/14/2013,5756,437.2,263.33,2516523.2,1515727.48,1000795.72
Central America and the Caribbean,Saint Lucia,Cereal,Online,L,7/13/2014,224727761,8/15/2014,793,205.7,117.11,163120.1,92868.23,70251.87
North America,Mexico,Meat,Online,H,10/29/2013,217539012,10/31/2013,3483,421.89,364.69,1469442.87,1270215.27,199227.6
Australia and Oceania,Samoa ,Baby Food,Online,H,6/26/2016,600982892,08-07-2016,3048,255.28,159.42,778093.44,485912.16,292181.28
Sub-Saharan Africa,Botswana,Vegetables,Online,M,2/16/2010,837608230,03-03-2010,5744,154.06,90.93,884920.64,522301.92,362618.72
Middle East and North Africa,Turkey,Clothes,Offline,L,9/26/2013,910276353,9/27/2013,9856,109.28,35.84,1077063.68,353239.04,723824.64
Sub-Saharan Africa,Ethiopia,Snacks,Offline,L,04-11-2013,872161090,4/28/2013,703,152.58,97.44,107263.74,68500.32,38763.42
Asia,Kazakhstan,Beverages,Offline,H,12-06-2010,396748769,1/15/2011,5632,47.45,31.79,267238.4,179041.28,88197.12
Europe,Netherlands,Fruits,Offline,C,9/20/2013,127838218,10/29/2013,9024,9.33,6.92,84193.92,62446.08,21747.84
Asia,Uzbekistan,Beverages,Online,H,08-08-2014,329540765,9/21/2014,7290,47.45,31.79,345910.5,231749.1,114161.4
Sub-Saharan Africa,Cameroon,Fruits,Offline,H,5/15/2011,436280238,06-10-2011,3872,9.33,6.92,36125.76,26794.24,9331.52
Central America and the Caribbean,Cuba,Baby Food,Offline,H,6/19/2010,402792966,07-04-2010,4244,255.28,159.42,1083408.32,676578.48,406829.84
Sub-Saharan Africa,Angola,Vegetables,Online,M,08-08-2015,254127776,09-12-2015,911,154.06,90.93,140348.66,82837.23,57511.43
Sub-Saharan Africa,Burkina Faso,Beverages,Online,M,5/31/2016,535645997,6/18/2016,8409,47.45,31.79,399007.05,267322.11,131684.94
Sub-Saharan Africa,Kenya,Clothes,Offline,M,12/19/2014,963021457,1/25/2015,8304,109.28,35.84,907461.12,297615.36,609845.76
Australia and Oceania,Tonga,Office Supplies,Online,L,5/18/2014,872240483,6/13/2014,4197,651.21,524.96,2733128.37,2203257.12,529871.25
Sub-Saharan Africa,Democratic Republic of the Congo,Household,Offline,C,1/21/2015,569601905,02-02-2015,6716,668.27,502.54,4488101.32,3375058.64,1113042.68
Europe,Belgium,Snacks,Online,M,11/22/2010,881717050,12/23/2010,8524,152.58,97.44,1300591.92,830578.56,470013.36
Europe,Macedonia,Household,Offline,L,10/13/2015,905509746,10/20/2015,9311,668.27,502.54,6222261.97,4679149.94,1543112.03
Sub-Saharan Africa,Botswana,Office Supplies,Online,H,5/23/2014,258216321,6/23/2014,802,651.21,524.96,522270.42,421017.92,101252.5
Asia,Japan,Meat,Offline,H,5/18/2011,427385604,6/15/2011,1752,421.89,364.69,739151.28,638936.88,100214.4
Europe,Liechtenstein,Baby Food,Online,H,6/22/2012,720878922,08-01-2012,2948,255.28,159.42,752565.44,469970.16,282595.28
Asia,Brunei,Fruits,Offline,L,02-09-2013,516870105,3/27/2013,2205,9.33,6.92,20572.65,15258.6,5314.05
Asia,Japan,Fruits,Offline,H,05-12-2017,613845479,6/17/2017,9373,9.33,6.92,87450.09,64861.16,22588.93
Asia,Cambodia,Cereal,Offline,H,06-06-2011,980603873,7/17/2011,1332,205.7,117.11,273992.4,155990.52,118001.88
Europe,Italy,Personal Care,Offline,L,11/14/2012,306256616,11/18/2012,6993,81.73,56.67,571537.89,396293.31,175244.58
Australia and Oceania,Samoa ,Household,Offline,L,10/24/2013,950227534,11-02-2013,2298,668.27,502.54,1535684.46,1154836.92,380847.54
Europe,Spain,Cereal,Offline,M,01-04-2015,392252957,2/22/2015,5222,205.7,117.11,1074165.4,611548.42,462616.98
Asia,Kyrgyzstan,Personal Care,Online,M,07-01-2014,682381713,07-08-2014,768,81.73,56.67,62768.64,43522.56,19246.08
Sub-Saharan Africa,Benin,Clothes,Online,H,5/19/2011,790975129,6/20/2011,5973,109.28,35.84,652729.44,214072.32,438657.12
Sub-Saharan Africa,Chad,Cosmetics,Offline,L,03-07-2017,658707034,3/13/2017,4904,437.2,263.33,2144028.8,1291370.32,852658.48
Europe,Norway,Cosmetics,Offline,C,3/14/2014,746563756,04-12-2014,3661,437.2,263.33,1600589.2,964051.13,636538.07
Central America and the Caribbean,Cuba,Fruits,Offline,M,4/21/2012,685844123,5/28/2012,5372,9.33,6.92,50120.76,37174.24,12946.52
Central America and the Caribbean,Saint Vincent and the Grenadines,Clothes,Offline,M,11-10-2014,628159463,12-09-2014,5199,109.28,35.84,568146.72,186332.16,381814.56
Central America and the Caribbean,Haiti,Snacks,Online,L,12-05-2014,795433604,1/19/2015,5335,152.58,97.44,814014.3,519842.4,294171.9
Europe,Bulgaria,Household,Online,C,3/21/2014,129902875,4/24/2014,2,668.27,502.54,1336.54,1005.08,331.46
Australia and Oceania,Samoa ,Office Supplies,Offline,M,9/17/2011,344116103,10/23/2011,457,651.21,524.96,297602.97,239906.72,57696.25
Sub-Saharan Africa,Equatorial Guinea,Snacks,Online,M,01-10-2015,970934617,1/15/2015,9984,152.58,97.44,1523358.72,972840.96,550517.76
Asia,Philippines,Cereal,Online,L,12-02-2013,713532245,01-03-2014,8902,205.7,117.11,1831141.4,1042513.22,788628.18
Europe,San Marino,Beverages,Offline,M,05-10-2014,595395314,5/30/2014,9559,47.45,31.79,453574.55,303880.61,149693.94
Central America and the Caribbean,Trinidad and Tobago,Cereal,Offline,L,01-02-2012,810322654,1/15/2012,1335,205.7,117.11,274609.5,156341.85,118267.65
Europe,Denmark,Fruits,Online,L,03-04-2011,272425591,3/21/2011,5641,9.33,6.92,52630.53,39035.72,13594.81
Central America and the Caribbean,Costa Rica,Cereal,Offline,L,06-12-2013,666127955,07-08-2013,920,205.7,117.11,189244,107741.2,81502.8
Europe,Germany,Baby Food,Offline,H,11/27/2013,596166074,1/13/2014,7644,255.28,159.42,1951360.32,1218606.48,732753.84
Asia,India,Personal Care,Offline,C,6/23/2012,537588775,7/19/2012,3320,81.73,56.67,271343.6,188144.4,83199.2
Sub-Saharan Africa,Sao Tome and Principe,Cereal,Offline,L,2/28/2010,585757386,3/23/2010,7482,205.7,117.11,1539047.4,876217.02,662830.38
Europe,Netherlands,Beverages,Offline,C,10/18/2012,906345736,11/21/2012,6699,47.45,31.79,317867.55,212961.21,104906.34
Europe,Germany,Cosmetics,Offline,M,2/26/2012,385340154,3/18/2012,9569,437.2,263.33,4183566.8,2519804.77,1663762.03
Europe,Sweden,Cosmetics,Offline,H,06-03-2012,679039466,07-05-2012,1723,437.2,263.33,753295.6,453717.59,299578.01
Sub-Saharan Africa,Cameroon,Household,Offline,L,4/13/2011,364055001,5/13/2011,820,668.27,502.54,547981.4,412082.8,135898.6
Asia,Tajikistan,Baby Food,Online,H,04-06-2011,787310588,4/21/2011,1554,255.28,159.42,396705.12,247738.68,148966.44
Sub-Saharan Africa,Swaziland,Clothes,Online,H,12/20/2015,216042554,12/20/2015,647,109.28,35.84,70704.16,23188.48,47515.68
Europe,San Marino,Baby Food,Offline,L,2/15/2011,587799727,3/27/2011,1856,255.28,159.42,473799.68,295883.52,177916.16
Middle East and North Africa,United Arab Emirates,Fruits,Online,L,10/27/2013,760443437,12/13/2013,966,9.33,6.92,9012.78,6684.72,2328.06
Asia,Bangladesh,Office Supplies,Offline,M,9/15/2015,562147510,10-11-2015,795,651.21,524.96,517711.95,417343.2,100368.75
Europe,Georgia,Snacks,Offline,L,1/22/2017,341398274,03-07-2017,6191,152.58,97.44,944622.78,603251.04,341371.74
Europe,Greece,Fruits,Offline,H,6/14/2015,516994559,6/20/2015,9034,9.33,6.92,84287.22,62515.28,21771.94
Australia and Oceania,Papua New Guinea,Beverages,Offline,C,1/27/2017,228047692,2/27/2017,3235,47.45,31.79,153500.75,102840.65,50660.1
Europe,Slovenia,Office Supplies,Online,H,04-09-2010,483981502,05-04-2010,9736,651.21,524.96,6340180.56,5111010.56,1229170
Middle East and North Africa,Azerbaijan,Clothes,Offline,M,9/22/2014,114532315,9/30/2014,1512,109.28,35.84,165231.36,54190.08,111041.28
Central America and the Caribbean,Barbados,Fruits,Offline,H,02-11-2017,719748961,3/23/2017,8567,9.33,6.92,79930.11,59283.64,20646.47
Middle East and North Africa,Oman,Cereal,Online,H,10-03-2012,819992768,11/13/2012,2937,205.7,117.11,604140.9,343952.07,260188.83
Asia,Bhutan,Cosmetics,Offline,C,12/18/2016,805937564,01-07-2017,3690,437.2,263.33,1613268,971687.7,641580.3
Sub-Saharan Africa,Chad,Personal Care,Online,C,10/27/2015,688569676,10/29/2015,1924,81.73,56.67,157248.52,109033.08,48215.44
Europe,Slovakia,Cosmetics,Online,H,5/30/2015,549187934,7/17/2015,5769,437.2,263.33,2522206.8,1519150.77,1003056.03
Europe,Macedonia,Clothes,Online,M,4/22/2015,989403665,5/25/2015,5386,109.28,35.84,588582.08,193034.24,395547.84
Australia and Oceania,Federated States of Micronesia,Baby Food,Online,C,05-11-2012,881140697,5/29/2012,7968,255.28,159.42,2034071.04,1270258.56,763812.48
Europe,Lithuania,Household,Online,H,1/25/2012,516635358,2/26/2012,2738,668.27,502.54,1829723.26,1375954.52,453768.74
North America,United States of America,Fruits,Online,M,03-12-2017,258436477,4/20/2017,5951,9.33,6.92,55522.83,41180.92,14341.91
Australia and Oceania,Samoa ,Fruits,Offline,C,06-07-2016,989405381,6/22/2016,5894,9.33,6.92,54991.02,40786.48,14204.54
Sub-Saharan Africa,Republic of the Congo,Cosmetics,Offline,M,11/23/2010,962715899,12/21/2010,7883,437.2,263.33,3446447.6,2075830.39,1370617.21
Sub-Saharan Africa,Botswana,Cosmetics,Offline,C,4/30/2010,751854360,05-07-2010,9268,437.2,263.33,4051969.6,2440542.44,1611427.16
Asia,Uzbekistan,Household,Online,H,03-11-2014,100619590,3/31/2014,4427,668.27,502.54,2958431.29,2224744.58,733686.71
Europe,Belarus,Clothes,Offline,M,06-08-2015,173122918,7/25/2015,9773,109.28,35.84,1067993.44,350264.32,717729.12
Sub-Saharan Africa,Cote d'Ivoire,Household,Offline,C,11-09-2011,403788173,11/16/2011,8748,668.27,502.54,5846025.96,4396219.92,1449806.04
Sub-Saharan Africa,Togo,Fruits,Online,M,6/19/2017,747351682,7/24/2017,6825,9.33,6.92,63677.25,47229,16448.25
Sub-Saharan Africa,Benin,Household,Online,H,04-05-2013,328862273,5/24/2013,6510,668.27,502.54,4350437.7,3271535.4,1078902.3
Sub-Saharan Africa,Kenya,Personal Care,Online,M,08-07-2011,593681275,09-11-2011,2337,81.73,56.67,191003.01,132437.79,58565.22
Europe,Ireland,Beverages,Online,C,7/14/2014,357482516,7/28/2014,5875,47.45,31.79,278768.75,186766.25,92002.5
Europe,Slovenia,Fruits,Online,L,1/18/2010,756252324,02-09-2010,723,9.33,6.92,6745.59,5003.16,1742.43
North America,United States of America,Office Supplies,Online,M,09-10-2013,296289527,10/14/2013,7510,651.21,524.96,4890587.1,3942449.6,948137.5
Sub-Saharan Africa,Rwanda,Snacks,Online,M,10/14/2011,704205453,11/20/2011,8897,152.58,97.44,1357504.26,866923.68,490580.58
Asia,Myanmar,Cereal,Offline,M,8/25/2010,176923930,8/30/2010,4577,205.7,117.11,941488.9,536012.47,405476.43
Sub-Saharan Africa,South Africa,Vegetables,Online,M,02-02-2010,131681287,03-02-2010,6274,154.06,90.93,966572.44,570494.82,396077.62
Middle East and North Africa,Iraq,Fruits,Online,C,10-11-2014,256026351,11/13/2014,2742,9.33,6.92,25582.86,18974.64,6608.22
Sub-Saharan Africa,Sudan,Snacks,Offline,L,4/16/2015,757820451,4/26/2015,4767,152.58,97.44,727348.86,464496.48,262852.38
Middle East and North Africa,Tunisia ,Vegetables,Offline,H,8/19/2014,115237414,9/27/2014,167,154.06,90.93,25728.02,15185.31,10542.71
Europe,Monaco,Clothes,Offline,H,11/16/2016,926763570,11/25/2016,8790,109.28,35.84,960571.2,315033.6,645537.6
Australia and Oceania,Samoa ,Fruits,Online,H,10/21/2015,461197745,10/24/2015,7517,9.33,6.92,70133.61,52017.64,18115.97
Europe,Croatia,Household,Online,M,10/28/2013,107651269,11-11-2013,5258,668.27,502.54,3513763.66,2642355.32,871408.34
Europe,Andorra,Beverages,Online,H,8/19/2010,425547969,09-11-2010,7955,47.45,31.79,377464.75,252889.45,124575.3
Central America and the Caribbean,Cuba,Household,Offline,C,7/22/2014,694624173,8/16/2014,3584,668.27,502.54,2395079.68,1801103.36,593976.32
Europe,Estonia,Clothes,Offline,L,1/24/2016,264928710,1/27/2016,7147,109.28,35.84,781024.16,256148.48,524875.68
North America,Greenland,Household,Online,M,04-03-2014,806822907,04-08-2014,5683,668.27,502.54,3797778.41,2855934.82,941843.59
Central America and the Caribbean,Costa Rica,Cereal,Offline,C,1/29/2013,460980594,2/13/2013,3257,205.7,117.11,669964.9,381427.27,288537.63
Sub-Saharan Africa,Cote d'Ivoire,Vegetables,Online,H,7/24/2017,588388097,8/25/2017,5968,154.06,90.93,919430.08,542670.24,376759.84
Sub-Saharan Africa,Benin,Beverages,Offline,L,11-05-2014,820344245,12/16/2014,6947,47.45,31.79,329635.15,220845.13,108790.02
Australia and Oceania,New Zealand,Baby Food,Online,L,11/14/2015,408460366,12/27/2015,1354,255.28,159.42,345649.12,215854.68,129794.44
North America,United States of America,Baby Food,Offline,H,09-12-2013,474660289,10-06-2013,1382,255.28,159.42,352796.96,220318.44,132478.52
Europe,Andorra,Beverages,Offline,L,1/13/2010,861180341,2/20/2010,1255,47.45,31.79,59549.75,39896.45,19653.3
Europe,Ireland,Beverages,Offline,M,06-10-2011,580569350,07-03-2011,2227,47.45,31.79,105671.15,70796.33,34874.82
Australia and Oceania,Tonga,Beverages,Offline,M,5/21/2010,965688645,6/23/2010,7585,47.45,31.79,359908.25,241127.15,118781.1
Central America and the Caribbean,Grenada,Beverages,Offline,C,10-10-2011,719712054,10/17/2011,7645,47.45,31.79,362755.25,243034.55,119720.7
Central America and the Caribbean,Panama,Household,Online,L,12/28/2013,866125905,12/29/2013,4757,668.27,502.54,3178960.39,2390582.78,788377.61
Sub-Saharan Africa,South Sudan,Cereal,Offline,M,9/17/2012,698729026,9/25/2012,8301,205.7,117.11,1707515.7,972130.11,735385.59
Asia,China,Household,Online,L,3/29/2012,931632745,05-02-2012,9687,668.27,502.54,6473531.49,4868104.98,1605426.51
Asia,Vietnam,Cereal,Offline,H,03-03-2014,549260890,3/25/2014,7358,205.7,117.11,1513540.6,861695.38,651845.22
Middle East and North Africa,Libya,Beverages,Online,C,7/27/2013,856349790,8/26/2013,1788,47.45,31.79,84840.6,56840.52,28000.08
Central America and the Caribbean,Belize,Personal Care,Offline,H,5/17/2010,527948272,5/21/2010,481,81.73,56.67,39312.13,27258.27,12053.86
Europe,Serbia,Vegetables,Offline,M,2/25/2013,559417665,2/28/2013,2973,154.06,90.93,458020.38,270334.89,187685.49
Central America and the Caribbean,Cuba,Household,Online,C,08-08-2012,216431796,09-03-2012,5833,668.27,502.54,3898018.91,2931315.82,966703.09
Europe,Liechtenstein,Household,Online,C,8/21/2015,184976994,9/21/2015,7658,668.27,502.54,5117611.66,3848451.32,1269160.34
Sub-Saharan Africa,Senegal,Personal Care,Offline,M,4/18/2011,321352088,05-06-2011,4079,81.73,56.67,333376.67,231156.93,102219.74
Sub-Saharan Africa,Ghana,Fruits,Offline,M,5/29/2012,102168405,5/29/2012,2756,9.33,6.92,25713.48,19071.52,6641.96
Europe,Cyprus,Beverages,Online,M,12-08-2013,874349772,01-04-2014,8383,47.45,31.79,397773.35,266495.57,131277.78
Central America and the Caribbean,Jamaica,Vegetables,Online,H,11/27/2011,905132520,12-09-2011,7681,154.06,90.93,1183334.86,698433.33,484901.53
Middle East and North Africa,Afghanistan,Vegetables,Offline,H,10-05-2014,332065474,10/13/2014,4408,154.06,90.93,679096.48,400819.44,278277.04
Europe,Andorra,Household,Online,H,11/15/2016,713009965,12/16/2016,4348,668.27,502.54,2905637.96,2185043.92,720594.04
Sub-Saharan Africa,Ghana,Baby Food,Offline,M,6/18/2017,976139819,7/22/2017,319,255.28,159.42,81434.32,50854.98,30579.34
Europe,Andorra,Baby Food,Online,M,10/24/2016,569941365,11/26/2016,7170,255.28,159.42,1830357.6,1143041.4,687316.2
Sub-Saharan Africa,Sao Tome and Principe,Cereal,Online,C,6/27/2012,813213431,7/31/2012,6781,205.7,117.11,1394851.7,794122.91,600728.79
Europe,Malta,Household,Online,H,09-09-2010,845067346,9/13/2010,3062,668.27,502.54,2046242.74,1538777.48,507465.26
Europe,Czech Republic,Fruits,Offline,M,11/24/2014,774926936,11/27/2014,6956,9.33,6.92,64899.48,48135.52,16763.96
Sub-Saharan Africa,Guinea,Beverages,Online,L,07-04-2014,332528531,8/22/2014,1437,47.45,31.79,68185.65,45682.23,22503.42
Europe,Hungary,Baby Food,Online,H,05-06-2011,217920958,6/25/2011,6509,255.28,159.42,1661617.52,1037664.78,623952.74
Central America and the Caribbean,Honduras,Personal Care,Offline,H,11/14/2015,751465547,12-12-2015,4209,81.73,56.67,344001.57,238524.03,105477.54
Europe,Lithuania,Clothes,Online,C,02-06-2013,523836123,3/22/2013,3605,109.28,35.84,393954.4,129203.2,264751.2
Europe,Ukraine,Vegetables,Online,C,11-06-2011,446019017,11/25/2011,5794,154.06,90.93,892623.64,526848.42,365775.22
Asia,Sri Lanka,Office Supplies,Offline,H,8/13/2010,599313056,8/29/2010,8906,651.21,524.96,5799676.26,4675293.76,1124382.5
Middle East and North Africa,United Arab Emirates,Personal Care,Online,M,7/20/2016,685329568,7/29/2016,3104,81.73,56.67,253689.92,175903.68,77786.24
Europe,Luxembourg,Clothes,Online,H,5/14/2011,475992381,5/26/2011,5578,109.28,35.84,609563.84,199915.52,409648.32
Sub-Saharan Africa,Zambia,Meat,Offline,M,09-12-2015,263537824,9/13/2015,5553,421.89,364.69,2342755.17,2025123.57,317631.6
Europe,Serbia,Office Supplies,Offline,C,03-01-2017,410514724,04-10-2017,9284,651.21,524.96,6045833.64,4873728.64,1172105
Sub-Saharan Africa,The Gambia,Beverages,Offline,M,01-12-2012,899784409,1/18/2012,5057,47.45,31.79,239954.65,160762.03,79192.62
Sub-Saharan Africa,Ethiopia,Personal Care,Online,H,7/22/2016,884520709,08-09-2016,8189,81.73,56.67,669286.97,464070.63,205216.34
Europe,Germany,Personal Care,Offline,C,3/14/2010,938209950,3/16/2010,6028,81.73,56.67,492668.44,341606.76,151061.68
Sub-Saharan Africa,Swaziland,Fruits,Online,M,2/19/2015,804650962,3/20/2015,2956,9.33,6.92,27579.48,20455.52,7123.96
Europe,Ukraine,Clothes,Offline,H,9/27/2016,747955071,10/25/2016,5382,109.28,35.84,588144.96,192890.88,395254.08
Sub-Saharan Africa,Mozambique,Vegetables,Offline,C,10/24/2012,202546107,11-10-2012,6749,154.06,90.93,1039750.94,613686.57,426064.37
Europe,Andorra,Clothes,Offline,L,5/14/2017,923160398,6/15/2017,2531,109.28,35.84,276587.68,90711.04,185876.64
Sub-Saharan Africa,Equatorial Guinea,Fruits,Online,C,5/25/2011,234846770,07-06-2011,5233,9.33,6.92,48823.89,36212.36,12611.53
Australia and Oceania,Federated States of Micronesia,Office Supplies,Offline,L,10/29/2014,482966554,11/28/2014,9391,651.21,524.96,6115513.11,4929899.36,1185613.75
Asia,Kazakhstan,Fruits,Online,L,7/30/2014,483193576,8/18/2014,6572,9.33,6.92,61316.76,45478.24,15838.52
Asia,Laos,Vegetables,Online,C,10-07-2013,471514165,11/23/2013,374,154.06,90.93,57618.44,34007.82,23610.62
Europe,Monaco,Office Supplies,Online,H,10/20/2012,754227149,11/24/2012,1429,651.21,524.96,930579.09,750167.84,180411.25
Europe,Norway,Baby Food,Offline,L,2/24/2013,357943856,3/17/2013,2396,255.28,159.42,611650.88,381970.32,229680.56
Sub-Saharan Africa,Mauritius ,Personal Care,Offline,H,7/23/2013,179588115,8/23/2013,2969,81.73,56.67,242656.37,168253.23,74403.14
Asia,Uzbekistan,Meat,Offline,H,11-02-2013,736396253,11-05-2013,4870,421.89,364.69,2054604.3,1776040.3,278564
Europe,Ireland,Cosmetics,Online,M,1/28/2011,815917098,2/13/2011,6856,437.2,263.33,2997443.2,1805390.48,1192052.72
Europe,Monaco,Clothes,Offline,L,01-02-2011,626011979,01-11-2011,9711,109.28,35.84,1061218.08,348042.24,713175.84
North America,United States of America,Personal Care,Offline,L,8/16/2016,444854724,8/26/2016,1253,81.73,56.67,102407.69,71007.51,31400.18
Sub-Saharan Africa,Swaziland,Meat,Offline,L,11/13/2016,170931661,11/25/2016,1332,421.89,364.69,561957.48,485767.08,76190.4
Australia and Oceania,Tuvalu,Household,Online,M,1/29/2013,673041617,3/15/2013,6826,668.27,502.54,4561611.02,3430338.04,1131272.98
Europe,Bosnia and Herzegovina,Baby Food,Online,M,04-01-2015,640295922,04-03-2015,6647,255.28,159.42,1696846.16,1059664.74,637181.42
Central America and the Caribbean,Saint Kitts and Nevis ,Vegetables,Offline,H,6/30/2015,632118403,7/15/2015,6737,154.06,90.93,1037902.22,612595.41,425306.81
Sub-Saharan Africa,Cote d'Ivoire,Office Supplies,Online,L,7/29/2014,828245389,8/27/2014,5071,651.21,524.96,3302285.91,2662072.16,640213.75
Sub-Saharan Africa,Botswana,Cereal,Offline,M,07-12-2010,578725707,08-09-2010,6652,205.7,117.11,1368316.4,779015.72,589300.68
Europe,Romania,Snacks,Online,C,01-11-2010,653920686,1/18/2010,8517,152.58,97.44,1299523.86,829896.48,469627.38
Europe,Sweden,Fruits,Online,M,01-10-2017,994504153,1/13/2017,4734,9.33,6.92,44168.22,32759.28,11408.94
Asia,Laos,Household,Online,C,10/28/2013,261462438,11-10-2013,1400,668.27,502.54,935578,703556,232022
Sub-Saharan Africa,Mauritius ,Household,Online,M,4/15/2010,786094367,05-08-2010,1647,668.27,502.54,1100640.69,827683.38,272957.31
Europe,Czech Republic,Meat,Offline,M,05-09-2017,920011270,06-12-2017,634,421.89,364.69,267478.26,231213.46,36264.8
North America,Mexico,Vegetables,Offline,C,12-09-2012,885136973,01-11-2013,555,154.06,90.93,85503.3,50466.15,35037.15
Europe,Bosnia and Herzegovina,Vegetables,Online,M,11/25/2013,523707807,12/16/2013,5633,154.06,90.93,867819.98,512208.69,355611.29
Sub-Saharan Africa,Sao Tome and Principe,Household,Offline,M,8/24/2011,648272597,10-02-2011,7122,668.27,502.54,4759418.94,3579089.88,1180329.06
Europe,Belgium,Fruits,Online,L,10/17/2013,791692674,11/24/2013,8310,9.33,6.92,77532.3,57505.2,20027.1
Middle East and North Africa,Bahrain,Baby Food,Offline,M,02-05-2010,557141864,2/16/2010,9513,255.28,159.42,2428478.64,1516562.46,911916.18
Sub-Saharan Africa,Senegal,Household,Online,M,02-06-2014,968106496,2/17/2014,3080,668.27,502.54,2058271.6,1547823.2,510448.4
Middle East and North Africa,Bahrain,Fruits,Offline,M,11/22/2013,418385398,12/24/2013,8392,9.33,6.92,78297.36,58072.64,20224.72
Sub-Saharan Africa,Kenya,Fruits,Online,C,10/14/2013,522089898,11-11-2013,6858,9.33,6.92,63985.14,47457.36,16527.78
Sub-Saharan Africa,Guinea-Bissau,Vegetables,Online,L,5/14/2015,263643825,6/29/2015,6921,154.06,90.93,1066249.26,629326.53,436922.73
Asia,Tajikistan,Baby Food,Offline,C,9/16/2013,947783505,10/27/2013,9056,255.28,159.42,2311815.68,1443707.52,868108.16
Middle East and North Africa,Egypt,Household,Offline,L,4/26/2016,349557769,05-06-2016,767,668.27,502.54,512563.09,385448.18,127114.91
Middle East and North Africa,Iran,Clothes,Offline,H,8/14/2016,364327943,8/26/2016,1589,109.28,35.84,173645.92,56949.76,116696.16
Sub-Saharan Africa,Kenya,Personal Care,Online,M,11/18/2012,257767856,01-03-2013,8092,81.73,56.67,661359.16,458573.64,202785.52
Europe,Sweden,Vegetables,Online,C,01-07-2012,715863835,1/26/2012,8872,154.06,90.93,1366820.32,806730.96,560089.36
Europe,Albania,Cosmetics,Offline,C,8/23/2010,694914710,9/25/2010,9560,437.2,263.33,4179632,2517434.8,1662197.2
Sub-Saharan Africa,Togo,Baby Food,Offline,M,01-04-2014,571531808,2/22/2014,7818,255.28,159.42,1995779.04,1246345.56,749433.48
Central America and the Caribbean,Dominica,Cereal,Online,C,1/31/2017,792638957,2/17/2017,8336,205.7,117.11,1714715.2,976228.96,738486.24
Europe,Macedonia,Baby Food,Online,M,11/21/2015,525472486,11/23/2015,7840,255.28,159.42,2001395.2,1249852.8,751542.4
Sub-Saharan Africa,Sudan,Snacks,Offline,H,4/19/2011,807581222,4/25/2011,85,152.58,97.44,12969.3,8282.4,4686.9
Europe,Georgia,Fruits,Online,L,10/28/2012,496826493,12-11-2012,855,9.33,6.92,7977.15,5916.6,2060.55
Central America and the Caribbean,El Salvador,Snacks,Online,C,2/14/2012,321382129,03-04-2012,2969,152.58,97.44,453010.02,289299.36,163710.66
Middle East and North Africa,United Arab Emirates,Fruits,Online,M,1/15/2017,629734456,03-06-2017,1274,9.33,6.92,11886.42,8816.08,3070.34
Europe,Liechtenstein,Cereal,Online,L,01-01-2010,940682303,02-09-2010,7652,205.7,117.11,1574016.4,896125.72,677890.68
Australia and Oceania,Marshall Islands,Personal Care,Offline,C,05-08-2012,393336999,5/14/2012,6014,81.73,56.67,491524.22,340813.38,150710.84
Middle East and North Africa,Pakistan,Fruits,Offline,C,06-04-2012,897122371,6/13/2012,7300,9.33,6.92,68109,50516,17593
Europe,Norway,Fruits,Offline,C,10-06-2014,381774747,10/23/2014,4486,9.33,6.92,41854.38,31043.12,10811.26
Middle East and North Africa,Saudi Arabia,Baby Food,Online,M,8/14/2013,447342956,9/21/2013,7576,255.28,159.42,1934001.28,1207765.92,726235.36
Asia,Maldives,Vegetables,Online,M,11/18/2011,514188325,01-02-2012,8607,154.06,90.93,1325994.42,782634.51,543359.91
Sub-Saharan Africa,Sierra Leone,Meat,Online,H,4/14/2017,972984683,5/30/2017,6644,421.89,364.69,2803037.16,2423000.36,380036.8
Europe,Ireland,Vegetables,Online,H,12-02-2015,934718358,12/16/2015,2789,154.06,90.93,429673.34,253603.77,176069.57
Sub-Saharan Africa,Madagascar,Snacks,Offline,M,11-12-2013,480688178,11/24/2013,5169,152.58,97.44,788686.02,503667.36,285018.66
Middle East and North Africa,Bahrain,Household,Online,C,9/13/2010,212505471,9/28/2010,3946,668.27,502.54,2636993.42,1983022.84,653970.58
Australia and Oceania,Marshall Islands,Clothes,Online,M,11-05-2010,802094066,12-10-2010,6313,109.28,35.84,689884.64,226257.92,463626.72
Europe,Romania,Meat,Offline,C,3/23/2012,741690289,05-10-2012,1494,421.89,364.69,630303.66,544846.86,85456.8
Europe,Serbia,Clothes,Offline,L,01-12-2010,393842971,1/31/2010,5742,109.28,35.84,627485.76,205793.28,421692.48
Central America and the Caribbean,Grenada,Snacks,Online,M,09-04-2015,641413438,9/30/2015,7345,152.58,97.44,1120700.1,715696.8,405003.3
Sub-Saharan Africa,Rwanda,Cosmetics,Offline,M,2/13/2015,637575519,3/21/2015,1619,437.2,263.33,707826.8,426331.27,281495.53
Asia,Taiwan,Cosmetics,Offline,M,7/18/2010,955815541,8/13/2010,5914,437.2,263.33,2585600.8,1557333.62,1028267.18
Sub-Saharan Africa,Chad,Cereal,Online,H,7/21/2016,439932334,08-06-2016,4609,205.7,117.11,948071.3,539759.99,408311.31
Sub-Saharan Africa,Malawi,Baby Food,Offline,H,12-12-2010,254037225,1/18/2011,4115,255.28,159.42,1050477.2,656013.3,394463.9
Australia and Oceania,Tonga,Cosmetics,Online,M,3/31/2014,732554042,04-05-2014,7875,437.2,263.33,3442950,2073723.75,1369226.25
Sub-Saharan Africa,Democratic Republic of the Congo,Office Supplies,Online,M,03-03-2010,930219113,03-10-2010,1362,651.21,524.96,886948.02,714995.52,171952.5
Sub-Saharan Africa,Sierra Leone,Beverages,Online,H,01-01-2010,872081267,01-12-2010,7081,47.45,31.79,335993.45,225104.99,110888.46
Middle East and North Africa,Iran,Office Supplies,Offline,H,12/16/2010,203501832,12/18/2010,9569,651.21,524.96,6231428.49,5023342.24,1208086.25
Sub-Saharan Africa,Guinea-Bissau,Clothes,Online,L,02-03-2015,440154635,02-06-2015,393,109.28,35.84,42947.04,14085.12,28861.92
Sub-Saharan Africa,Chad,Personal Care,Online,M,5/21/2010,918026006,07-09-2010,3151,81.73,56.67,257531.23,178567.17,78964.06
Europe,Ireland,Household,Offline,H,5/21/2012,143414771,06-03-2012,8473,668.27,502.54,5662251.71,4258021.42,1404230.29
Asia,Taiwan,Vegetables,Offline,M,12/28/2014,742932260,1/30/2015,9020,154.06,90.93,1389621.2,820188.6,569432.6
Central America and the Caribbean,Haiti,Vegetables,Offline,L,12-10-2016,913502299,1/14/2017,4485,154.06,90.93,690959.1,407821.05,283138.05
Europe,Portugal,Snacks,Offline,C,6/26/2010,272361218,07-03-2010,6592,152.58,97.44,1005807.36,642324.48,363482.88
Central America and the Caribbean,Saint Lucia,Vegetables,Offline,C,06-04-2015,307057845,07-02-2015,4095,154.06,90.93,630875.7,372358.35,258517.35
Asia,Japan,Beverages,Online,C,10-07-2014,325453507,11-12-2014,7780,47.45,31.79,369161,247326.2,121834.8
Sub-Saharan Africa,Zambia,Baby Food,Online,L,07-10-2011,605722033,7/20/2011,5465,255.28,159.42,1395105.2,871230.3,523874.9
Europe,Lithuania,Vegetables,Online,M,05-01-2017,146349751,6/13/2017,6999,154.06,90.93,1078265.94,636419.07,441846.87
Asia,Malaysia,Fruits,Online,C,10/30/2010,716135489,11/13/2010,9260,9.33,6.92,86395.8,64079.2,22316.6
Europe,Georgia,Meat,Offline,C,2/22/2017,104190576,03-12-2017,1162,421.89,364.69,490236.18,423769.78,66466.4
Asia,Laos,Baby Food,Offline,M,04-04-2013,669938838,05-10-2013,8645,255.28,159.42,2206895.6,1378185.9,828709.7
Australia and Oceania,Kiribati,Office Supplies,Offline,L,1/26/2015,793116605,02-07-2015,9683,651.21,524.96,6305666.43,5083187.68,1222478.75
Asia,Laos,Household,Offline,M,1/15/2013,723772704,2/15/2013,9282,668.27,502.54,6202882.14,4664576.28,1538305.86
Europe,Poland,Cereal,Online,C,11-06-2013,332268464,12/14/2013,4477,205.7,117.11,920918.9,524301.47,396617.43
Europe,Spain,Meat,Online,M,11/15/2013,459277713,12-04-2013,9336,421.89,364.69,3938765.04,3404745.84,534019.2
Europe,Romania,Fruits,Offline,L,7/24/2010,665786778,8/15/2010,9958,9.33,6.92,92908.14,68909.36,23998.78
Asia,Indonesia,Household,Online,M,10-10-2013,583094489,11/13/2013,9472,668.27,502.54,6329853.44,4760058.88,1569794.56
Sub-Saharan Africa,Ghana,Cereal,Offline,M,9/27/2011,362812173,9/30/2011,3039,205.7,117.11,625122.3,355897.29,269225.01
Central America and the Caribbean,Grenada,Snacks,Online,C,8/28/2012,226863658,9/16/2012,2853,152.58,97.44,435310.74,277996.32,157314.42
Europe,Latvia,Baby Food,Online,L,09-01-2010,917485272,10-03-2010,3136,255.28,159.42,800558.08,499941.12,300616.96
Europe,Ireland,Personal Care,Offline,L,4/28/2012,547225844,5/30/2012,5143,81.73,56.67,420337.39,291453.81,128883.58
Sub-Saharan Africa,Botswana,Household,Offline,M,02-06-2010,448946702,2/28/2010,2161,668.27,502.54,1444131.47,1085988.94,358142.53
Sub-Saharan Africa,Liberia,Cosmetics,Online,H,6/21/2016,225821673,08-03-2016,4506,437.2,263.33,1970023.2,1186564.98,783458.22
Asia,Uzbekistan,Beverages,Online,L,09-06-2014,901337087,10/25/2014,4529,47.45,31.79,214901.05,143976.91,70924.14
Europe,Switzerland,Household,Offline,L,7/19/2015,869291770,8/21/2015,1607,668.27,502.54,1073909.89,807581.78,266328.11
Central America and the Caribbean,El Salvador,Baby Food,Offline,L,10/20/2015,843797051,10/21/2015,7153,255.28,159.42,1826017.84,1140331.26,685686.58
Europe,Romania,Clothes,Offline,L,01-12-2017,709276759,03-01-2017,9610,109.28,35.84,1050180.8,344422.4,705758.4
Asia,Nepal,Fruits,Online,M,4/27/2014,870467221,5/28/2014,9449,9.33,6.92,88159.17,65387.08,22772.09
Sub-Saharan Africa,Niger,Baby Food,Online,M,03-01-2015,902417266,4/15/2015,4178,255.28,159.42,1066559.84,666056.76,400503.08
Australia and Oceania,Kiribati,Office Supplies,Offline,M,12/26/2012,900488221,2/14/2013,3330,651.21,524.96,2168529.3,1748116.8,420412.5
Asia,Indonesia,Clothes,Online,H,8/19/2013,130353915,10-01-2013,3475,109.28,35.84,379748,124544,255204
Sub-Saharan Africa,Botswana,Cosmetics,Offline,H,06-11-2016,178000676,7/16/2016,3210,437.2,263.33,1403412,845289.3,558122.7
Sub-Saharan Africa,Gabon,Beverages,Online,L,6/18/2010,899727332,7/13/2010,8166,47.45,31.79,387476.7,259597.14,127879.56
Asia,Philippines,Baby Food,Offline,C,02-01-2016,872145211,2/26/2016,6004,255.28,159.42,1532701.12,957157.68,575543.44
Sub-Saharan Africa,Zambia,Office Supplies,Online,C,2/18/2013,542178142,3/26/2013,1415,651.21,524.96,921462.15,742818.4,178643.75
Europe,Albania,Beverages,Online,C,10-09-2012,877062451,10/29/2012,1124,47.45,31.79,53333.8,35731.96,17601.84
Sub-Saharan Africa,Burkina Faso,Personal Care,Offline,M,11/18/2015,214346969,12/20/2015,8886,81.73,56.67,726252.78,503569.62,222683.16
Europe,Slovenia,Baby Food,Online,L,10/28/2016,111893022,12-02-2016,486,255.28,159.42,124066.08,77478.12,46587.96
Europe,Slovakia,Beverages,Online,M,10/29/2014,397874438,12-01-2014,8743,47.45,31.79,414855.35,277939.97,136915.38
Europe,Bulgaria,Clothes,Offline,C,03-02-2010,520777547,4/15/2010,8504,109.28,35.84,929317.12,304783.36,624533.76
Asia,Brunei,Fruits,Offline,C,7/24/2015,899401175,8/15/2015,1649,9.33,6.92,15385.17,11411.08,3974.09
Europe,Vatican City,Household,Online,C,6/27/2014,672856652,08-03-2014,2091,668.27,502.54,1397352.57,1050811.14,346541.43
Middle East and North Africa,Iraq,Meat,Offline,L,06-04-2010,850567805,7/18/2010,770,421.89,364.69,324855.3,280811.3,44044
Middle East and North Africa,Jordan,Snacks,Online,L,6/29/2015,262270963,07-12-2015,661,152.58,97.44,100855.38,64407.84,36447.54
Middle East and North Africa,Bahrain,Cereal,Offline,H,5/14/2016,508014953,5/18/2016,1769,205.7,117.11,363883.3,207167.59,156715.71
Central America and the Caribbean,Grenada,Fruits,Offline,C,12-09-2015,108161103,1/17/2016,6129,9.33,6.92,57183.57,42412.68,14770.89
Europe,Kosovo,Office Supplies,Online,L,5/15/2014,353383243,06-09-2014,2809,651.21,524.96,1829248.89,1474612.64,354636.25
Europe,Croatia,Office Supplies,Offline,L,11/21/2012,354667699,12/29/2012,2908,651.21,524.96,1893718.68,1526583.68,367135
North America,Greenland,Vegetables,Offline,C,01-07-2010,193313300,2/13/2010,4556,154.06,90.93,701897.36,414277.08,287620.28
Asia,Thailand,Beverages,Online,M,11/22/2012,470931375,01-10-2013,7914,47.45,31.79,375519.3,251586.06,123933.24
North America,Canada,Snacks,Offline,M,10/19/2010,959445750,11/23/2010,173,152.58,97.44,26396.34,16857.12,9539.22
Asia,Nepal,Clothes,Online,C,10/19/2016,151092755,11-11-2016,559,109.28,35.84,61087.52,20034.56,41052.96
North America,Mexico,Fruits,Online,L,12-12-2010,208421218,01-08-2011,5325,9.33,6.92,49682.25,36849,12833.25
Europe,Switzerland,Snacks,Online,L,3/20/2012,214292466,4/13/2012,2758,152.58,97.44,420815.64,268739.52,152076.12
Asia,Bangladesh,Baby Food,Online,L,2/26/2014,221880328,3/30/2014,8175,255.28,159.42,2086914,1303258.5,783655.5
Australia and Oceania,East Timor,Beverages,Online,H,5/13/2011,804671132,06-10-2011,8924,47.45,31.79,423443.8,283693.96,139749.84
Central America and the Caribbean,Cuba,Cereal,Online,H,11/14/2010,806463706,12/16/2010,9387,205.7,117.11,1930905.9,1099311.57,831594.33
Middle East and North Africa,Algeria,Vegetables,Offline,M,3/14/2013,491369378,04-06-2013,5973,154.06,90.93,920200.38,543124.89,377075.49
Middle East and North Africa,Morocco,Cosmetics,Online,C,2/25/2016,193811976,3/18/2016,2126,437.2,263.33,929487.2,559839.58,369647.62
Middle East and North Africa,Qatar,Vegetables,Offline,L,01-06-2011,768527829,1/17/2011,3318,154.06,90.93,511171.08,301705.74,209465.34
Asia,Kyrgyzstan,Beverages,Online,M,8/27/2016,440565764,09-06-2016,2055,47.45,31.79,97509.75,65328.45,32181.3
Europe,Portugal,Household,Offline,H,2/18/2015,655287110,2/22/2015,2873,668.27,502.54,1919939.71,1443797.42,476142.29
Central America and the Caribbean,Barbados,Meat,Online,H,1/30/2016,228365695,2/14/2016,7339,421.89,364.69,3096250.71,2676459.91,419790.8
Europe,Liechtenstein,Baby Food,Online,H,1/18/2015,295787847,2/16/2015,9052,255.28,159.42,2310794.56,1443069.84,867724.72
Europe,Kosovo,Baby Food,Offline,L,06-10-2012,263852393,6/29/2012,8641,255.28,159.42,2205874.48,1377548.22,828326.26
Sub-Saharan Africa,Rwanda,Beverages,Offline,M,4/20/2017,959170663,5/14/2017,8769,47.45,31.79,416089.05,278766.51,137322.54
Europe,Russia,Fruits,Offline,H,3/24/2013,578666484,04-11-2013,9127,9.33,6.92,85154.91,63158.84,21996.07
Sub-Saharan Africa,Sao Tome and Principe,Vegetables,Online,H,03-07-2015,539576184,4/16/2015,1438,154.06,90.93,221538.28,130757.34,90780.94
Australia and Oceania,Samoa ,Household,Offline,L,09-01-2012,529448592,9/18/2012,4459,668.27,502.54,2979815.93,2240825.86,738990.07
Sub-Saharan Africa,Republic of the Congo,Vegetables,Online,L,06-06-2011,756145036,7/17/2011,8974,154.06,90.93,1382534.44,816005.82,566528.62
Europe,Denmark,Personal Care,Offline,C,6/18/2014,597839343,7/26/2014,2802,81.73,56.67,229007.46,158789.34,70218.12
Australia and Oceania,Tonga,Office Supplies,Offline,M,09-11-2010,853017842,09-12-2010,5790,651.21,524.96,3770505.9,3039518.4,730987.5
Middle East and North Africa,Oman,Baby Food,Offline,L,8/16/2016,590479362,8/28/2016,4820,255.28,159.42,1230449.6,768404.4,462045.2
Europe,Romania,Cosmetics,Offline,M,12-12-2011,299335229,12/24/2011,8801,437.2,263.33,3847797.2,2317567.33,1530229.87
Central America and the Caribbean,The Bahamas,Clothes,Online,C,07-01-2011,539009273,08-04-2011,3677,109.28,35.84,401822.56,131783.68,270038.88
Middle East and North Africa,Libya,Personal Care,Online,H,1/13/2016,589237821,02-04-2016,7420,81.73,56.67,606436.6,420491.4,185945.2
Europe,Vatican City,Vegetables,Offline,L,01-10-2016,700069701,1/21/2016,5037,154.06,90.93,776000.22,458014.41,317985.81
Europe,Ukraine,Household,Online,H,7/28/2010,741866242,9/13/2010,3562,668.27,502.54,2380377.74,1790047.48,590330.26
Central America and the Caribbean,Antigua and Barbuda ,Cereal,Offline,L,03-12-2011,655301272,3/25/2011,7064,205.7,117.11,1453064.8,827265.04,625799.76
Australia and Oceania,Fiji,Beverages,Online,C,05-05-2015,901361119,5/14/2015,1640,47.45,31.79,77818,52135.6,25682.4
Europe,Bulgaria,Snacks,Offline,L,03-01-2010,211344611,3/23/2010,422,152.58,97.44,64388.76,41119.68,23269.08
Middle East and North Africa,Turkey,Beverages,Online,L,03-02-2014,536863076,03-02-2014,8569,47.45,31.79,406599.05,272408.51,134190.54
Sub-Saharan Africa,Cote d'Ivoire,Personal Care,Online,M,11-05-2012,299840342,12-08-2012,8275,81.73,56.67,676315.75,468944.25,207371.5
Central America and the Caribbean,Antigua and Barbuda ,Clothes,Offline,H,6/24/2015,242512738,7/15/2015,3763,109.28,35.84,411220.64,134865.92,276354.72
Australia and Oceania,Samoa ,Clothes,Online,M,6/22/2013,277429091,6/25/2013,6288,109.28,35.84,687152.64,225361.92,461790.72
Asia,Sri Lanka,Vegetables,Offline,H,6/15/2014,837450730,7/19/2014,9136,154.06,90.93,1407492.16,830736.48,576755.68
Europe,San Marino,Personal Care,Offline,H,9/29/2015,625751483,10-01-2015,2624,81.73,56.67,214459.52,148702.08,65757.44
Europe,Serbia,Fruits,Online,C,9/26/2015,665817677,10-10-2015,9102,9.33,6.92,84921.66,62985.84,21935.82
Australia and Oceania,Australia,Fruits,Online,M,02-06-2010,251448142,2/18/2010,7948,9.33,6.92,74154.84,55000.16,19154.68
Europe,Russia,Baby Food,Offline,L,9/20/2010,996754205,9/22/2010,574,255.28,159.42,146530.72,91507.08,55023.64
Middle East and North Africa,Pakistan,Vegetables,Offline,H,08-08-2011,986159694,09-06-2011,5423,154.06,90.93,835467.38,493113.39,342353.99
Asia,Turkmenistan,Household,Offline,H,5/28/2015,624400937,7/16/2015,2968,668.27,502.54,1983425.36,1491538.72,491886.64
Central America and the Caribbean,The Bahamas,Personal Care,Offline,M,6/24/2014,386526763,07-01-2014,713,81.73,56.67,58273.49,40405.71,17867.78
Sub-Saharan Africa,Gabon,Cosmetics,Online,H,5/25/2017,367898499,06-09-2017,8196,437.2,263.33,3583291.2,2158252.68,1425038.52
Europe,Germany,Cereal,Online,H,11-10-2014,734189975,11/29/2014,1984,205.7,117.11,408108.8,232346.24,175762.56
Sub-Saharan Africa,Togo,Cosmetics,Offline,L,10-09-2013,371387517,11-08-2013,674,437.2,263.33,294672.8,177484.42,117188.38
Europe,Belarus,Beverages,Online,L,10-03-2010,935789954,11/18/2010,9898,47.45,31.79,469660.1,314657.42,155002.68
Europe,Germany,Cereal,Online,M,1/23/2011,104008615,2/22/2011,7315,205.7,117.11,1504695.5,856659.65,648035.85
Europe,Belarus,Beverages,Online,H,3/24/2017,122967326,4/25/2017,7619,47.45,31.79,361521.55,242208.01,119313.54
Middle East and North Africa,Kuwait,Baby Food,Online,C,2/17/2010,159902417,03-05-2010,7533,255.28,159.42,1923024.24,1200910.86,722113.38
North America,Greenland,Meat,Offline,C,05-12-2013,352362716,6/16/2013,813,421.89,364.69,342996.57,296492.97,46503.6
Sub-Saharan Africa,Central African Republic,Beverages,Online,C,9/21/2013,458209550,9/24/2013,3243,47.45,31.79,153880.35,103094.97,50785.38
Europe,Montenegro,Cereal,Offline,M,06-06-2010,305616748,07-01-2010,7642,205.7,117.11,1571959.4,894954.62,677004.78
Europe,Malta,Office Supplies,Offline,M,05-05-2011,243070638,5/22/2011,8858,651.21,524.96,5768418.18,4650095.68,1118322.5
Sub-Saharan Africa,Cameroon,Personal Care,Offline,M,01-07-2014,689370048,02-10-2014,8771,81.73,56.67,716853.83,497052.57,219801.26
Middle East and North Africa,Egypt,Beverages,Offline,H,02-03-2017,783626306,3/20/2017,1293,47.45,31.79,61352.85,41104.47,20248.38
Middle East and North Africa,Lebanon,Beverages,Offline,C,6/21/2016,635263240,6/27/2016,7364,47.45,31.79,349421.8,234101.56,115320.24
Australia and Oceania,Tuvalu,Personal Care,Offline,L,09-11-2016,874017179,10/19/2016,9961,81.73,56.67,814112.53,564489.87,249622.66
Middle East and North Africa,Azerbaijan,Office Supplies,Online,H,01-07-2012,399936950,2/26/2012,9086,651.21,524.96,5916894.06,4769786.56,1147107.5
Middle East and North Africa,Jordan,Vegetables,Online,C,11/23/2012,433383882,12-04-2012,6776,154.06,90.93,1043910.56,616141.68,427768.88
Australia and Oceania,Solomon Islands,Meat,Offline,M,12-04-2011,465031802,01-06-2012,2099,421.89,364.69,885547.11,765484.31,120062.8
Europe,Bulgaria,Clothes,Offline,L,05-04-2010,505867040,06-12-2010,6153,109.28,35.84,672399.84,220523.52,451876.32
Europe,France,Cosmetics,Online,C,3/20/2014,637188422,4/29/2014,7069,437.2,263.33,3090566.8,1861479.77,1229087.03
Middle East and North Africa,Algeria,Vegetables,Online,M,7/24/2015,560607278,08-03-2015,5006,154.06,90.93,771224.36,455195.58,316028.78
Middle East and North Africa,Israel,Cosmetics,Offline,M,3/24/2011,948047435,04-06-2011,7159,437.2,263.33,3129914.8,1885179.47,1244735.33
Sub-Saharan Africa,Guinea-Bissau,Cosmetics,Offline,C,04-11-2014,291745221,05-07-2014,2749,437.2,263.33,1201862.8,723894.17,477968.63
Sub-Saharan Africa,Benin,Baby Food,Online,H,05-02-2012,754249465,5/14/2012,8033,255.28,159.42,2050664.24,1280620.86,770043.38
Europe,San Marino,Cereal,Online,H,10/22/2016,518421494,10/22/2016,1296,205.7,117.11,266587.2,151774.56,114812.64
Middle East and North Africa,Pakistan,Baby Food,Online,L,8/31/2013,537435138,09-05-2013,7855,255.28,159.42,2005224.4,1252244.1,752980.3
Sub-Saharan Africa,Mali,Beverages,Online,H,8/27/2012,484776723,09-04-2012,5060,47.45,31.79,240097,160857.4,79239.6
Europe,United Kingdom,Fruits,Offline,M,3/27/2013,104245078,4/21/2013,7290,9.33,6.92,68015.7,50446.8,17568.9
Central America and the Caribbean,The Bahamas,Beverages,Offline,H,12-05-2015,559951531,1/13/2016,956,47.45,31.79,45362.2,30391.24,14970.96
Europe,Spain,Vegetables,Online,C,12/16/2010,386319911,01-02-2011,9501,154.06,90.93,1463724.06,863925.93,599798.13
Sub-Saharan Africa,Madagascar,Vegetables,Offline,C,05-03-2012,438086545,6/15/2012,8399,154.06,90.93,1293949.94,763721.07,530228.87
Europe,Cyprus,Baby Food,Online,M,3/17/2016,740300261,4/23/2016,153,255.28,159.42,39057.84,24391.26,14666.58
Sub-Saharan Africa,Mauritania,Baby Food,Offline,M,3/17/2012,938322389,4/20/2012,9301,255.28,159.42,2374359.28,1482765.42,891593.86
Europe,Macedonia,Office Supplies,Offline,C,7/17/2017,747826755,7/22/2017,7410,651.21,524.96,4825466.1,3889953.6,935512.5
Middle East and North Africa,Azerbaijan,Household,Online,M,08-12-2012,404799687,9/18/2012,8078,668.27,502.54,5398285.06,4059518.12,1338766.94
Europe,Romania,Personal Care,Offline,M,12/21/2012,215540015,12/24/2012,1935,81.73,56.67,158147.55,109656.45,48491.1
Central America and the Caribbean,Saint Kitts and Nevis ,Personal Care,Offline,L,07-07-2012,106659066,8/19/2012,1643,81.73,56.67,134282.39,93108.81,41173.58
Europe,Kosovo,Vegetables,Offline,C,7/23/2017,975080668,8/20/2017,6893,154.06,90.93,1061935.58,626780.49,435155.09
Europe,Bosnia and Herzegovina,Baby Food,Online,L,10-09-2012,638041150,11/28/2012,9410,255.28,159.42,2402184.8,1500142.2,902042.6
Europe,Greece,Cosmetics,Online,C,5/22/2010,583089339,6/26/2010,7948,437.2,263.33,3474865.6,2092946.84,1381918.76
Europe,Norway,Snacks,Online,M,2/19/2016,118086564,3/13/2016,3293,152.58,97.44,502445.94,320869.92,181576.02
Sub-Saharan Africa,Mauritius ,Office Supplies,Online,L,4/21/2010,421206653,06-04-2010,3264,651.21,524.96,2125549.44,1713469.44,412080
Central America and the Caribbean,Nicaragua,Clothes,Offline,C,02-08-2012,490935933,3/18/2012,7707,109.28,35.84,842220.96,276218.88,566002.08
Europe,Malta,Baby Food,Offline,C,4/27/2015,296073234,06-04-2015,3504,255.28,159.42,894501.12,558607.68,335893.44
Central America and the Caribbean,Saint Lucia,Baby Food,Online,M,10/16/2014,325729882,11/19/2014,9565,255.28,159.42,2441753.2,1524852.3,916900.9
Asia,Sri Lanka,Clothes,Online,L,3/17/2010,239329707,3/27/2010,1834,109.28,35.84,200419.52,65730.56,134688.96
North America,Mexico,Beverages,Offline,L,6/22/2017,216609036,07-03-2017,8282,47.45,31.79,392980.9,263284.78,129696.12
Asia,North Korea,Fruits,Offline,H,11/29/2011,507616698,12/18/2011,3916,9.33,6.92,36536.28,27098.72,9437.56
Central America and the Caribbean,Nicaragua,Vegetables,Online,L,05-04-2015,982714021,06-06-2015,5772,154.06,90.93,889234.32,524847.96,364386.36
Sub-Saharan Africa,Botswana,Clothes,Offline,H,7/24/2016,682574832,8/28/2016,7916,109.28,35.84,865060.48,283709.44,581351.04
Europe,Poland,Snacks,Online,M,01-09-2013,968185460,02-03-2013,6448,152.58,97.44,983835.84,628293.12,355542.72
Central America and the Caribbean,Saint Vincent and the Grenadines,Fruits,Offline,H,08-07-2014,570844733,9/15/2014,4497,9.33,6.92,41957.01,31119.24,10837.77
Sub-Saharan Africa,Mauritius ,Baby Food,Online,M,1/26/2017,542163980,2/21/2017,7224,255.28,159.42,1844142.72,1151650.08,692492.64
Sub-Saharan Africa,Zambia,Meat,Online,H,07-05-2013,204067027,7/31/2013,6823,421.89,364.69,2878555.47,2488279.87,390275.6
Sub-Saharan Africa,Guinea,Clothes,Offline,H,03-11-2013,298790204,4/18/2013,7516,109.28,35.84,821348.48,269373.44,551975.04
Central America and the Caribbean,Nicaragua,Cereal,Online,M,02-06-2015,738882339,02-09-2015,558,205.7,117.11,114780.6,65347.38,49433.22
Central America and the Caribbean,Haiti,Cosmetics,Online,M,9/16/2011,157204759,10-09-2011,9236,437.2,263.33,4037979.2,2432115.88,1605863.32
Middle East and North Africa,Qatar,Fruits,Offline,L,6/28/2015,856931293,08-08-2015,3867,9.33,6.92,36079.11,26759.64,9319.47
Sub-Saharan Africa,Tanzania,Snacks,Offline,L,04-07-2017,261548268,4/15/2017,6800,152.58,97.44,1037544,662592,374952
Europe,Kosovo,Baby Food,Offline,M,9/13/2012,364854514,10-03-2012,7413,255.28,159.42,1892390.64,1181780.46,710610.18
Europe,Luxembourg,Cosmetics,Online,C,09-06-2013,980961358,10-08-2013,7120,437.2,263.33,3112864,1874909.6,1237954.4
Asia,Japan,Cosmetics,Offline,L,3/21/2014,194292628,4/27/2014,4361,437.2,263.33,1906629.2,1148382.13,758247.07
Middle East and North Africa,Qatar,Vegetables,Offline,H,12/17/2016,209584653,1/30/2017,9611,154.06,90.93,1480670.66,873928.23,606742.43
Europe,France,Fruits,Offline,C,04-09-2014,601886260,5/27/2014,374,9.33,6.92,3489.42,2588.08,901.34
Central America and the Caribbean,Saint Kitts and Nevis ,Cosmetics,Online,C,9/17/2014,566558778,9/25/2014,6187,437.2,263.33,2704956.4,1629222.71,1075733.69
Sub-Saharan Africa,Eritrea,Personal Care,Offline,M,7/22/2016,269276034,8/14/2016,3617,81.73,56.67,295617.41,204975.39,90642.02
Middle East and North Africa,Jordan,Office Supplies,Offline,L,7/29/2011,396024358,7/30/2011,1263,651.21,524.96,822478.23,663024.48,159453.75
Sub-Saharan Africa,Togo,Cereal,Offline,C,07-10-2011,803102576,8/24/2011,4754,205.7,117.11,977897.8,556740.94,421156.86
Sub-Saharan Africa,Burundi,Office Supplies,Online,M,1/31/2014,967122018,02-12-2014,1752,651.21,524.96,1140919.92,919729.92,221190
Sub-Saharan Africa,Ethiopia,Personal Care,Online,L,3/23/2014,435006511,3/29/2014,6948,81.73,56.67,567860.04,393743.16,174116.88
Middle East and North Africa,Iran,Vegetables,Online,C,7/14/2015,173992383,8/24/2015,7067,154.06,90.93,1088742.02,642602.31,446139.71
Europe,Poland,Household,Online,L,4/27/2011,321628463,5/14/2011,5864,668.27,502.54,3918735.28,2946894.56,971840.72
Australia and Oceania,Palau,Cereal,Offline,M,02-04-2011,635776078,02-04-2011,9125,205.7,117.11,1877012.5,1068628.75,808383.75
Europe,Portugal,Meat,Online,L,1/30/2014,944609057,3/16/2014,9666,421.89,364.69,4077988.74,3525093.54,552895.2
Central America and the Caribbean,El Salvador,Vegetables,Online,M,12/26/2012,696613729,1/13/2013,2337,154.06,90.93,360038.22,212503.41,147534.81
Europe,Malta,Cosmetics,Offline,H,12/14/2012,310588920,01-06-2013,9018,437.2,263.33,3942669.6,2374709.94,1567959.66
Sub-Saharan Africa,South Sudan,Office Supplies,Online,C,08-08-2012,725645959,09-08-2012,3620,651.21,524.96,2357380.2,1900355.2,457025
Europe,Armenia,Meat,Offline,M,06-02-2015,251208674,7/19/2015,7084,421.89,364.69,2988668.76,2583463.96,405204.8
Sub-Saharan Africa,Senegal,Personal Care,Online,H,10/19/2010,417013394,11/29/2010,2385,81.73,56.67,194926.05,135157.95,59768.1
Middle East and North Africa,Morocco,Beverages,Online,M,9/17/2015,123108947,10-09-2015,9528,47.45,31.79,452103.6,302895.12,149208.48
Sub-Saharan Africa,Nigeria,Personal Care,Online,C,4/29/2010,589856660,05-10-2010,548,81.73,56.67,44788.04,31055.16,13732.88
Central America and the Caribbean,Nicaragua,Clothes,Online,L,07-12-2017,407930362,7/31/2017,4514,109.28,35.84,493289.92,161781.76,331508.16
Europe,Greece,Fruits,Online,L,10/31/2015,488316380,11/18/2015,2523,9.33,6.92,23539.59,17459.16,6080.43
Middle East and North Africa,Oman,Cereal,Offline,H,4/25/2011,912313544,5/15/2011,2706,205.7,117.11,556624.2,316899.66,239724.54
Middle East and North Africa,Syria,Beverages,Online,L,2/16/2011,481533181,04-07-2011,5224,47.45,31.79,247878.8,166070.96,81807.84
Sub-Saharan Africa,Togo,Personal Care,Online,L,2/16/2012,767899119,03-07-2012,7269,81.73,56.67,594095.37,411934.23,182161.14
Europe,Vatican City,Clothes,Online,M,3/23/2012,263647687,3/30/2012,8064,109.28,35.84,881233.92,289013.76,592220.16
Sub-Saharan Africa,Senegal,Beverages,Online,L,3/13/2014,231327712,04-08-2014,3865,47.45,31.79,183394.25,122868.35,60525.9
Europe,Switzerland,Personal Care,Offline,H,4/19/2014,653800523,4/23/2014,2958,81.73,56.67,241757.34,167629.86,74127.48
Europe,Sweden,Cosmetics,Online,L,8/24/2013,684239947,8/31/2013,661,437.2,263.33,288989.2,174061.13,114928.07
Sub-Saharan Africa,Eritrea,Cereal,Offline,M,06-03-2014,896132314,6/19/2014,4321,205.7,117.11,888829.7,506032.31,382797.39
Europe,Vatican City,Personal Care,Online,H,1/27/2016,133276450,3/15/2016,8318,81.73,56.67,679830.14,471381.06,208449.08
Asia,Indonesia,Clothes,Offline,H,7/22/2011,459783685,8/23/2011,9065,109.28,35.84,990623.2,324889.6,665733.6
Sub-Saharan Africa,Rwanda,Clothes,Online,M,10/23/2013,410077846,12-02-2013,2,109.28,35.84,218.56,71.68,146.88
Europe,Moldova ,Personal Care,Offline,L,2/17/2014,838895261,2/19/2014,6605,81.73,56.67,539826.65,374305.35,165521.3
Central America and the Caribbean,Saint Kitts and Nevis ,Vegetables,Online,M,3/27/2016,871284759,05-08-2016,1377,154.06,90.93,212140.62,125210.61,86930.01
Middle East and North Africa,Qatar,Household,Offline,C,05-01-2017,152607667,06-11-2017,8855,668.27,502.54,5917530.85,4449991.7,1467539.15
Europe,Denmark,Meat,Online,C,11/26/2011,198537814,12/19/2011,606,421.89,364.69,255665.34,221002.14,34663.2
Australia and Oceania,Tonga,Meat,Offline,C,8/26/2010,345061528,9/19/2010,229,421.89,364.69,96612.81,83514.01,13098.8
Central America and the Caribbean,Grenada,Vegetables,Offline,M,12/22/2013,898477637,01-07-2014,8354,154.06,90.93,1287017.24,759629.22,527388.02
Europe,Slovenia,Meat,Online,M,10-10-2015,885397469,11/18/2015,7642,421.89,364.69,3224083.38,2786960.98,437122.4
Europe,Hungary,Personal Care,Offline,H,10/16/2014,302744853,11-02-2014,7785,81.73,56.67,636268.05,441175.95,195092.1
Sub-Saharan Africa,Mauritius ,Beverages,Online,L,11-03-2010,567756116,12-12-2010,506,47.45,31.79,24009.7,16085.74,7923.96
Sub-Saharan Africa,Mauritius ,Beverages,Online,M,2/26/2016,467980086,3/28/2016,4562,47.45,31.79,216466.9,145025.98,71440.92
Middle East and North Africa,Syria,Personal Care,Online,L,9/29/2013,211278092,11-03-2013,737,81.73,56.67,60235.01,41765.79,18469.22
Europe,Greece,Office Supplies,Online,L,03-11-2014,975823962,04-08-2014,6850,651.21,524.96,4460788.5,3595976,864812.5
Europe,Denmark,Cosmetics,Offline,M,12/27/2013,860104024,12/30/2013,2749,437.2,263.33,1201862.8,723894.17,477968.63
Sub-Saharan Africa,Cape Verde,Cosmetics,Online,M,6/28/2014,732917106,08-09-2014,5313,437.2,263.33,2322843.6,1399072.29,923771.31
Sub-Saharan Africa,Sudan,Cereal,Online,L,7/14/2010,183374536,8/18/2010,3455,205.7,117.11,710693.5,404615.05,306078.45
Sub-Saharan Africa,Cote d'Ivoire,Baby Food,Offline,C,12/18/2016,670900142,01-02-2017,3116,255.28,159.42,795452.48,496752.72,298699.76
Australia and Oceania,Kiribati,Meat,Online,L,10/25/2011,575230252,11/22/2011,2269,421.89,364.69,957268.41,827481.61,129786.8
Central America and the Caribbean,Panama,Office Supplies,Offline,H,11-05-2015,146413695,11-11-2015,5921,651.21,524.96,3855814.41,3108288.16,747526.25
Sub-Saharan Africa,Mali,Fruits,Offline,L,01-02-2013,154811799,2/19/2013,1106,9.33,6.92,10318.98,7653.52,2665.46
Sub-Saharan Africa,Sao Tome and Principe,Household,Online,C,10/30/2014,541098392,12-04-2014,1893,668.27,502.54,1265035.11,951308.22,313726.89
Asia,Kazakhstan,Baby Food,Online,M,03-07-2011,866259801,3/25/2011,4380,255.28,159.42,1118126.4,698259.6,419866.8
Asia,North Korea,Clothes,Offline,C,12-08-2011,761594855,01-11-2012,1697,109.28,35.84,185448.16,60820.48,124627.68
Europe,Montenegro,Cosmetics,Offline,M,11/16/2012,378714883,12/16/2012,9005,437.2,263.33,3936986,2371286.65,1565699.35
Middle East and North Africa,Azerbaijan,Personal Care,Online,H,8/24/2014,839543712,10-10-2014,8496,81.73,56.67,694378.08,481468.32,212909.76
Asia,North Korea,Beverages,Online,M,5/18/2011,186317670,6/21/2011,4394,47.45,31.79,208495.3,139685.26,68810.04
Europe,France,Personal Care,Offline,C,3/13/2017,131585586,4/13/2017,7954,81.73,56.67,650080.42,450753.18,199327.24
Middle East and North Africa,Iran,Fruits,Offline,C,01-03-2017,208208787,2/14/2017,2462,9.33,6.92,22970.46,17037.04,5933.42
Asia,Kazakhstan,Baby Food,Offline,M,9/17/2015,919361102,9/23/2015,8235,255.28,159.42,2102230.8,1312823.7,789407.1
Europe,Greece,Personal Care,Online,L,09-11-2011,588528859,10-12-2011,7623,81.73,56.67,623027.79,431995.41,191032.38
Australia and Oceania,East Timor,Beverages,Offline,L,10-11-2015,309510886,10/17/2015,4,47.45,31.79,189.8,127.16,62.64
Europe,Macedonia,Meat,Online,L,02-12-2017,796418511,3/23/2017,6791,421.89,364.69,2865054.99,2476609.79,388445.2
Australia and Oceania,Australia,Cosmetics,Offline,L,4/22/2017,133675563,5/16/2017,6424,437.2,263.33,2808572.8,1691631.92,1116940.88
Europe,Kosovo,Cosmetics,Online,M,06-03-2011,526018369,6/21/2011,9379,437.2,263.33,4100498.8,2469772.07,1630726.73
Middle East and North Africa,Kuwait,Cosmetics,Online,L,7/14/2014,648495757,7/31/2014,3160,437.2,263.33,1381552,832122.8,549429.2
Central America and the Caribbean,Dominica,Vegetables,Offline,H,6/30/2012,596469056,7/30/2012,7303,154.06,90.93,1125100.18,664061.79,461038.39
Middle East and North Africa,Jordan,Fruits,Online,H,2/26/2011,535612094,03-03-2011,8376,9.33,6.92,78148.08,57961.92,20186.16
North America,Mexico,Snacks,Offline,L,06-02-2017,251911199,06-04-2017,4977,152.58,97.44,759390.66,484958.88,274431.78
Central America and the Caribbean,Belize,Office Supplies,Offline,L,10-05-2012,501665198,10/26/2012,2735,651.21,524.96,1781059.35,1435765.6,345293.75
Asia,Malaysia,Beverages,Offline,L,01-03-2010,761485421,1/26/2010,9313,47.45,31.79,441901.85,296060.27,145841.58
Middle East and North Africa,United Arab Emirates,Meat,Offline,L,09-10-2011,578295695,9/19/2011,9402,421.89,364.69,3966609.78,3428815.38,537794.4
Middle East and North Africa,Pakistan,Snacks,Offline,M,11-02-2013,919332349,12/15/2013,9726,152.58,97.44,1483993.08,947701.44,536291.64
Europe,Montenegro,Beverages,Offline,C,4/27/2017,122144210,5/24/2017,4041,47.45,31.79,191745.45,128463.39,63282.06
Europe,Belarus,Office Supplies,Offline,H,07-06-2016,644592607,7/31/2016,8131,651.21,524.96,5294988.51,4268449.76,1026538.75
North America,Greenland,Cereal,Offline,H,8/19/2010,514851367,10-02-2010,4815,205.7,117.11,990445.5,563884.65,426560.85
Sub-Saharan Africa,Niger,Vegetables,Offline,C,02-09-2015,981406819,3/28/2015,8942,154.06,90.93,1377604.52,813096.06,564508.46
Middle East and North Africa,Pakistan,Beverages,Offline,M,05-11-2012,663057792,6/22/2012,2390,47.45,31.79,113405.5,75978.1,37427.4
Central America and the Caribbean,Saint Vincent and the Grenadines,Cereal,Online,C,2/27/2016,498915612,4/13/2016,9072,205.7,117.11,1866110.4,1062421.92,803688.48
Europe,Moldova ,Fruits,Online,H,11-03-2014,598404109,11/18/2014,9929,9.33,6.92,92637.57,68708.68,23928.89
Sub-Saharan Africa,Lesotho,Household,Offline,L,12-12-2012,691259610,01-03-2013,7935,668.27,502.54,5302722.45,3987654.9,1315067.55
Europe,Czech Republic,Personal Care,Online,C,4/22/2012,577530944,5/15/2012,3095,81.73,56.67,252954.35,175393.65,77560.7
North America,United States of America,Cereal,Offline,M,10/21/2015,577579438,11/30/2015,7446,205.7,117.11,1531642.2,872001.06,659641.14
Europe,Finland,Fruits,Offline,H,01-12-2016,182078921,2/14/2016,54,9.33,6.92,503.82,373.68,130.14
Europe,Serbia,Baby Food,Online,H,3/22/2014,302015721,4/17/2014,2018,255.28,159.42,515155.04,321709.56,193445.48
Middle East and North Africa,Afghanistan,Fruits,Online,L,6/16/2016,118688666,7/15/2016,1469,9.33,6.92,13705.77,10165.48,3540.29
Europe,Latvia,Clothes,Offline,M,9/28/2014,233709084,10/16/2014,8566,109.28,35.84,936092.48,307005.44,629087.04
Sub-Saharan Africa,Burkina Faso,Vegetables,Online,M,07-01-2013,419000804,07-05-2013,504,154.06,90.93,77646.24,45828.72,31817.52
Europe,Estonia,Meat,Offline,M,8/25/2010,966800153,09-10-2010,6505,421.89,364.69,2744394.45,2372308.45,372086
Asia,Singapore,Baby Food,Online,L,07-12-2016,439655959,7/30/2016,2823,255.28,159.42,720655.44,450042.66,270612.78
Central America and the Caribbean,Grenada,Cosmetics,Offline,H,04-05-2012,620429551,05-11-2012,7746,437.2,263.33,3386551.2,2039754.18,1346797.02
Sub-Saharan Africa,Sao Tome and Principe,Personal Care,Online,H,02-07-2014,662294757,3/17/2014,6591,81.73,56.67,538682.43,373511.97,165170.46
Sub-Saharan Africa,Ethiopia,Office Supplies,Offline,H,8/28/2016,238737905,8/30/2016,6706,651.21,524.96,4367014.26,3520381.76,846632.5
Central America and the Caribbean,Dominican Republic,Cereal,Offline,H,10/23/2011,893557822,12-09-2011,2471,205.7,117.11,508284.7,289378.81,218905.89
Central America and the Caribbean,Belize,Household,Offline,M,3/24/2015,190865838,3/27/2015,298,668.27,502.54,199144.46,149756.92,49387.54
Middle East and North Africa,Turkey,Vegetables,Online,C,2/18/2017,265085780,3/30/2017,3628,154.06,90.93,558929.68,329894.04,229035.64
Asia,Tajikistan,Baby Food,Offline,L,5/26/2016,170953977,07-05-2016,7936,255.28,159.42,2025902.08,1265157.12,760744.96
Asia,China,Clothes,Offline,C,9/26/2016,833519256,10/20/2016,5725,109.28,35.84,625628,205184,420444
Sub-Saharan Africa,Chad,Office Supplies,Offline,L,05-10-2015,998142945,06-06-2015,1533,651.21,524.96,998304.93,804763.68,193541.25
Europe,Bulgaria,Clothes,Online,H,4/24/2014,380498874,5/13/2014,6927,109.28,35.84,756982.56,248263.68,508718.88
Sub-Saharan Africa,Sierra Leone,Meat,Offline,C,9/25/2016,116573369,11-03-2016,5505,421.89,364.69,2322504.45,2007618.45,314886
Sub-Saharan Africa,Malawi,Fruits,Offline,C,6/15/2015,512665259,6/22/2015,7898,9.33,6.92,73688.34,54654.16,19034.18
Europe,Luxembourg,Personal Care,Offline,M,12-07-2011,595385873,12/21/2011,6765,81.73,56.67,552903.45,383372.55,169530.9
Europe,Luxembourg,Cereal,Online,L,6/30/2012,361659038,08-03-2012,1801,205.7,117.11,370465.7,210915.11,159550.59
Europe,Kosovo,Baby Food,Online,L,12/14/2016,328721082,12/18/2016,4728,255.28,159.42,1206963.84,753737.76,453226.08
Europe,Denmark,Clothes,Offline,H,10/27/2014,184120833,10/31/2014,4301,109.28,35.84,470013.28,154147.84,315865.44
Asia,Singapore,Meat,Online,H,10/29/2011,135719621,11/22/2011,1307,421.89,364.69,551410.23,476649.83,74760.4
Australia and Oceania,Samoa ,Personal Care,Offline,C,12/23/2010,461691272,02-02-2011,3562,81.73,56.67,291122.26,201858.54,89263.72
Asia,Philippines,Snacks,Offline,M,05-06-2016,160522115,6/22/2016,916,152.58,97.44,139763.28,89255.04,50508.24
Asia,China,Meat,Online,H,2/17/2014,101010978,03-12-2014,248,421.89,364.69,104628.72,90443.12,14185.6
Middle East and North Africa,Iraq,Vegetables,Online,M,4/29/2014,772269189,05-12-2014,469,154.06,90.93,72254.14,42646.17,29607.97
Europe,Liechtenstein,Vegetables,Offline,H,8/14/2016,933720576,10-01-2016,7523,154.06,90.93,1158993.38,684066.39,474926.99
Europe,Latvia,Cosmetics,Online,H,3/14/2014,765101468,04-06-2014,9382,437.2,263.33,4101810.4,2470562.06,1631248.34
Europe,Armenia,Household,Offline,M,09-03-2012,516460692,9/24/2012,1051,668.27,502.54,702351.77,528169.54,174182.23
Asia,North Korea,Fruits,Online,L,2/23/2011,958159577,04-04-2011,9566,9.33,6.92,89250.78,66196.72,23054.06
Asia,Nepal,Household,Offline,H,7/26/2013,230871951,08-08-2013,8996,668.27,502.54,6011756.92,4520849.84,1490907.08
Sub-Saharan Africa,Cape Verde,Fruits,Online,M,5/20/2017,595584142,6/29/2017,5438,9.33,6.92,50736.54,37630.96,13105.58
Europe,Ukraine,Meat,Offline,H,4/25/2017,783594977,05-01-2017,2022,421.89,364.69,853061.58,737403.18,115658.4
Asia,Tajikistan,Personal Care,Online,L,9/22/2016,946515786,10-04-2016,3910,81.73,56.67,319564.3,221579.7,97984.6
Europe,Romania,Snacks,Online,L,04-03-2016,406270396,5/19/2016,3293,152.58,97.44,502445.94,320869.92,181576.02
Europe,Kosovo,Vegetables,Online,L,1/13/2010,805095136,1/20/2010,4396,154.06,90.93,677247.76,399728.28,277519.48
Asia,Thailand,Fruits,Offline,M,03-12-2012,255538833,4/18/2012,8474,9.33,6.92,79062.42,58640.08,20422.34
Sub-Saharan Africa,Madagascar,Office Supplies,Online,C,3/17/2015,990462815,4/24/2015,8812,651.21,524.96,5738462.52,4625947.52,1112515
Australia and Oceania,Australia,Baby Food,Offline,M,5/26/2016,813040912,5/26/2016,5728,255.28,159.42,1462243.84,913157.76,549086.08
Sub-Saharan Africa,Tanzania,Personal Care,Online,C,03-03-2014,746759450,04-03-2014,1571,81.73,56.67,128397.83,89028.57,39369.26
Europe,United Kingdom,Cereal,Online,M,10-01-2011,985417258,10/21/2011,5720,205.7,117.11,1176604,669869.2,506734.8
Europe,Serbia,Cereal,Offline,M,6/15/2013,443125665,07-09-2013,9586,205.7,117.11,1971840.2,1122616.46,849223.74
Sub-Saharan Africa,Seychelles ,Vegetables,Offline,C,4/18/2013,804308497,5/27/2013,1613,154.06,90.93,248498.78,146670.09,101828.69
Central America and the Caribbean,Honduras,Cosmetics,Online,H,12-04-2013,673702085,12/24/2013,2273,437.2,263.33,993755.6,598549.09,395206.51
Asia,Sri Lanka,Fruits,Offline,L,04-09-2015,526355254,4/22/2015,9071,9.33,6.92,84632.43,62771.32,21861.11
Central America and the Caribbean,Dominican Republic,Clothes,Offline,L,10-03-2010,457629334,11-02-2010,1544,109.28,35.84,168728.32,55336.96,113391.36
Sub-Saharan Africa,Central African Republic,Cereal,Offline,H,10/19/2013,633198153,11-03-2013,6260,205.7,117.11,1287682,733108.6,554573.4
Australia and Oceania,New Zealand,Office Supplies,Offline,H,03-02-2016,839048039,04-02-2016,1815,651.21,524.96,1181946.15,952802.4,229143.75
Europe,Belgium,Beverages,Online,L,6/23/2014,931477820,7/19/2014,3841,47.45,31.79,182255.45,122105.39,60150.06
Europe,United Kingdom,Personal Care,Offline,H,12/23/2013,387098824,01-04-2014,9999,81.73,56.67,817218.27,566643.33,250574.94
Sub-Saharan Africa,Niger,Meat,Online,L,3/16/2017,552834880,4/25/2017,4981,421.89,364.69,2101434.09,1816520.89,284913.2
Europe,Denmark,Meat,Offline,M,08-12-2012,595922315,09-04-2012,5510,421.89,364.69,2324613.9,2009441.9,315172
Europe,Slovakia,Office Supplies,Online,M,3/23/2016,653909957,04-06-2016,5342,651.21,524.96,3478763.82,2804336.32,674427.5
Sub-Saharan Africa,Burundi,Beverages,Online,M,10/31/2014,484659135,11/29/2014,263,47.45,31.79,12479.35,8360.77,4118.58
Sub-Saharan Africa,Burkina Faso,Snacks,Online,H,3/25/2015,816343677,4/13/2015,3090,152.58,97.44,471472.2,301089.6,170382.6
Asia,Turkmenistan,Personal Care,Online,M,2/16/2010,197449910,2/20/2010,8671,81.73,56.67,708680.83,491385.57,217295.26
Europe,Slovakia,Vegetables,Offline,M,06-01-2016,936664998,07-05-2016,8843,154.06,90.93,1362352.58,804093.99,558258.59
Central America and the Caribbean,El Salvador,Cereal,Online,M,2/13/2017,286968314,3/19/2017,9156,205.7,117.11,1883389.2,1072259.16,811130.04
Australia and Oceania,Palau,Baby Food,Online,M,09-02-2014,550853478,9/18/2014,8640,255.28,159.42,2205619.2,1377388.8,828230.4
Sub-Saharan Africa,Uganda,Clothes,Offline,M,7/18/2012,937744319,8/26/2012,8238,109.28,35.84,900248.64,295249.92,604998.72
Central America and the Caribbean,Saint Kitts and Nevis ,Fruits,Offline,C,4/17/2015,277377164,05-07-2015,922,9.33,6.92,8602.26,6380.24,2222.02
Sub-Saharan Africa,Guinea-Bissau,Baby Food,Online,C,2/27/2017,169800841,3/19/2017,6697,255.28,159.42,1709610.16,1067635.74,641974.42
Sub-Saharan Africa,Mauritania,Beverages,Online,L,6/17/2013,935376679,6/27/2013,7600,47.45,31.79,360620,241604,119016
Central America and the Caribbean,Saint Kitts and Nevis ,Cosmetics,Offline,H,12-08-2011,264778506,1/27/2012,2699,437.2,263.33,1180002.8,710727.67,469275.13
Asia,Indonesia,Household,Offline,L,10/25/2013,868992650,11-05-2013,3091,668.27,502.54,2065622.57,1553351.14,512271.43
Middle East and North Africa,Egypt,Vegetables,Offline,H,1/15/2010,129317939,1/22/2010,6907,154.06,90.93,1064092.42,628053.51,436038.91
Asia,Sri Lanka,Beverages,Online,H,4/30/2015,447365701,05-12-2015,4307,47.45,31.79,204367.15,136919.53,67447.62
Europe,Belgium,Cosmetics,Offline,C,5/21/2011,695059764,6/29/2011,2485,437.2,263.33,1086442,654375.05,432066.95
Asia,Myanmar,Clothes,Offline,H,04-11-2011,264636456,4/24/2011,663,109.28,35.84,72452.64,23761.92,48690.72
Middle East and North Africa,Lebanon,Vegetables,Online,M,3/14/2010,418644607,3/15/2010,5097,154.06,90.93,785243.82,463470.21,321773.61
Middle East and North Africa,Yemen,Cosmetics,Offline,L,12/27/2011,239945542,1/25/2012,4073,437.2,263.33,1780715.6,1072543.09,708172.51
Europe,Belarus,Beverages,Online,H,03-08-2010,681713092,3/22/2010,2908,47.45,31.79,137984.6,92445.32,45539.28
Middle East and North Africa,Kuwait,Snacks,Offline,H,7/15/2014,517433583,8/20/2014,8951,152.58,97.44,1365743.58,872185.44,493558.14
Middle East and North Africa,United Arab Emirates,Cosmetics,Offline,H,12-05-2016,390905845,12/15/2016,6581,437.2,263.33,2877213.2,1732974.73,1144238.47
Sub-Saharan Africa,Burkina Faso,Baby Food,Offline,L,4/23/2010,566241204,5/13/2010,2210,255.28,159.42,564168.8,352318.2,211850.6
Asia,India,Household,Online,M,3/14/2015,477863490,4/17/2015,9281,668.27,502.54,6202213.87,4664073.74,1538140.13
Sub-Saharan Africa,Guinea,Baby Food,Offline,M,4/24/2015,980509030,5/29/2015,3266,255.28,159.42,833744.48,520665.72,313078.76
Sub-Saharan Africa,Ghana,Cereal,Offline,C,5/15/2014,299226653,6/27/2014,6671,205.7,117.11,1372224.7,781240.81,590983.89
Sub-Saharan Africa,Ghana,Personal Care,Offline,H,2/24/2017,779377686,04-08-2017,4032,81.73,56.67,329535.36,228493.44,101041.92
Sub-Saharan Africa,Uganda,Personal Care,Offline,H,7/27/2010,336635959,08-02-2010,6916,81.73,56.67,565244.68,391929.72,173314.96
Middle East and North Africa,Oman,Meat,Online,L,11/23/2012,106987798,12/13/2012,8922,421.89,364.69,3764102.58,3253764.18,510338.4
Asia,Tajikistan,Fruits,Offline,M,12/17/2016,396732032,12/23/2016,679,9.33,6.92,6335.07,4698.68,1636.39
Australia and Oceania,Australia,Cosmetics,Offline,L,8/28/2016,232479989,09-01-2016,4850,437.2,263.33,2120420,1277150.5,843269.5
Europe,Denmark,Beverages,Offline,H,9/26/2010,511155498,11-04-2010,1126,47.45,31.79,53428.7,35795.54,17633.16
Australia and Oceania,Kiribati,Household,Online,H,2/24/2014,849994885,4/13/2014,1230,668.27,502.54,821972.1,618124.2,203847.9
Sub-Saharan Africa,Cote d'Ivoire,Baby Food,Offline,C,06-01-2016,936546981,06-10-2016,3919,255.28,159.42,1000442.32,624766.98,375675.34
Central America and the Caribbean,Barbados,Beverages,Online,C,09-11-2015,978673112,9/24/2015,9977,47.45,31.79,473408.65,317168.83,156239.82
Sub-Saharan Africa,Democratic Republic of the Congo,Snacks,Offline,C,12/26/2014,354547107,02-02-2015,7223,152.58,97.44,1102085.34,703809.12,398276.22
Europe,France,Personal Care,Online,H,10/16/2010,762655293,11-11-2010,5504,81.73,56.67,449841.92,311911.68,137930.24
Australia and Oceania,Tuvalu,Office Supplies,Offline,H,01-12-2012,371796500,1/19/2012,1701,651.21,524.96,1107708.21,892956.96,214751.25
Asia,Myanmar,Cereal,Offline,C,7/20/2013,571082055,8/15/2013,4726,205.7,117.11,972138.2,553461.86,418676.34
Europe,Romania,Personal Care,Offline,L,1/14/2015,119935786,1/27/2015,519,81.73,56.67,42417.87,29411.73,13006.14
Sub-Saharan Africa,Rwanda,Personal Care,Offline,H,04-03-2017,998094022,4/16/2017,7056,81.73,56.67,576686.88,399863.52,176823.36
Europe,Czech Republic,Snacks,Online,M,8/31/2010,755605590,09-11-2010,9340,152.58,97.44,1425097.2,910089.6,515007.6
Sub-Saharan Africa,Zambia,Beverages,Offline,C,1/31/2017,162831819,02-02-2017,4408,47.45,31.79,209159.6,140130.32,69029.28
Australia and Oceania,Tonga,Office Supplies,Offline,H,03-07-2010,960446536,3/28/2010,6328,651.21,524.96,4120856.88,3321946.88,798910
Sub-Saharan Africa,Nigeria,Clothes,Offline,L,02-10-2010,909436070,2/27/2010,1198,109.28,35.84,130917.44,42936.32,87981.12
Asia,Turkmenistan,Office Supplies,Online,L,08-10-2011,541099250,09-06-2011,2147,651.21,524.96,1398147.87,1127089.12,271058.75
Europe,Moldova ,Meat,Online,M,6/13/2010,907047402,08-01-2010,4338,421.89,364.69,1830158.82,1582025.22,248133.6
Sub-Saharan Africa,Burundi,Meat,Online,C,11-07-2014,429204356,11/28/2014,9962,421.89,364.69,4202868.18,3633041.78,569826.4
Sub-Saharan Africa,Djibouti,Office Supplies,Offline,L,5/17/2011,749806439,07-02-2011,3243,651.21,524.96,2111874.03,1702445.28,409428.75
Sub-Saharan Africa,Mauritius ,Vegetables,Online,C,2/23/2014,881402480,03-07-2014,5435,154.06,90.93,837316.1,494204.55,343111.55
Asia,South Korea,Fruits,Offline,H,8/24/2015,356853806,9/16/2015,9826,9.33,6.92,91676.58,67995.92,23680.66
Australia and Oceania,New Zealand,Cereal,Online,L,03-11-2013,579334247,3/30/2013,6733,205.7,117.11,1384978.1,788501.63,596476.47
Australia and Oceania,Kiribati,Clothes,Offline,C,10-03-2012,772330129,10-09-2012,8503,109.28,35.84,929207.84,304747.52,624460.32
Sub-Saharan Africa,Lesotho,Beverages,Offline,M,01-02-2010,229640281,1/28/2010,4517,47.45,31.79,214331.65,143595.43,70736.22
Middle East and North Africa,Jordan,Fruits,Offline,L,10/26/2016,565376031,11/29/2016,6186,9.33,6.92,57715.38,42807.12,14908.26
Middle East and North Africa,Pakistan,Office Supplies,Offline,M,1/25/2012,763961207,2/19/2012,1953,651.21,524.96,1271813.13,1025246.88,246566.25
Sub-Saharan Africa,Seychelles ,Beverages,Offline,L,7/19/2013,330132138,7/25/2013,2291,47.45,31.79,108707.95,72830.89,35877.06
Europe,Norway,Fruits,Offline,L,08-12-2013,638937652,09-06-2013,4705,9.33,6.92,43897.65,32558.6,11339.05
Middle East and North Africa,Syria,Clothes,Online,H,04-06-2013,885739076,5/14/2013,8730,109.28,35.84,954014.4,312883.2,641131.2
Sub-Saharan Africa,Sudan,Household,Offline,H,10-08-2010,336210238,11/22/2010,936,668.27,502.54,625500.72,470377.44,155123.28
Sub-Saharan Africa,Togo,Fruits,Online,C,1/14/2013,576337468,1/18/2013,9919,9.33,6.92,92544.27,68639.48,23904.79
Middle East and North Africa,Libya,Household,Offline,H,09-10-2016,562419593,9/27/2016,1311,668.27,502.54,876101.97,658829.94,217272.03
Central America and the Caribbean,Jamaica,Beverages,Offline,L,11-03-2011,671067941,12/18/2011,2771,47.45,31.79,131483.95,88090.09,43393.86
Europe,France,Cereal,Offline,H,2/26/2016,449206340,04-03-2016,8993,205.7,117.11,1849860.1,1053170.23,796689.87
Europe,Romania,Beverages,Online,L,07-10-2010,864071118,7/18/2010,6700,47.45,31.79,317915,212993,104922
Europe,Russia,Office Supplies,Online,C,12/16/2010,253211104,12/27/2010,9648,651.21,524.96,6282874.08,5064814.08,1218060
Sub-Saharan Africa,Equatorial Guinea,Cereal,Offline,H,11-02-2011,174487626,11-12-2011,3621,205.7,117.11,744839.7,424055.31,320784.39
Asia,Cambodia,Beverages,Online,H,5/16/2012,456074512,5/25/2012,1438,47.45,31.79,68233.1,45714.02,22519.08
Australia and Oceania,Samoa ,Cosmetics,Online,C,11-09-2012,546458089,12-04-2012,7947,437.2,263.33,3474428.4,2092683.51,1381744.89
Central America and the Caribbean,Saint Vincent and the Grenadines,Personal Care,Offline,L,11-05-2010,864437186,11/19/2010,5028,81.73,56.67,410938.44,284936.76,126001.68
Australia and Oceania,Solomon Islands,Office Supplies,Offline,L,7/18/2012,549123132,8/30/2012,6592,651.21,524.96,4292776.32,3460536.32,832240
Europe,Belgium,Fruits,Online,M,11-10-2013,609939754,11/30/2013,3582,9.33,6.92,33420.06,24787.44,8632.62
Sub-Saharan Africa,Mauritania,Cosmetics,Online,C,10-06-2011,776623380,10/20/2011,8971,437.2,263.33,3922121.2,2362333.43,1559787.77
Asia,Vietnam,Office Supplies,Offline,L,8/25/2015,849222838,9/28/2015,2764,651.21,524.96,1799944.44,1450989.44,348955
Sub-Saharan Africa,Guinea-Bissau,Cosmetics,Offline,M,04-04-2013,248099458,04-05-2013,6998,437.2,263.33,3059525.6,1842783.34,1216742.26
Central America and the Caribbean,Grenada,Office Supplies,Offline,C,05-01-2012,263927066,5/27/2012,739,651.21,524.96,481244.19,387945.44,93298.75
Europe,Lithuania,Cereal,Offline,M,02-06-2014,907691991,03-09-2014,5086,205.7,117.11,1046190.2,595621.46,450568.74
Europe,Georgia,Fruits,Offline,C,1/28/2017,460693061,2/25/2017,8169,9.33,6.92,76216.77,56529.48,19687.29
Europe,Switzerland,Office Supplies,Offline,H,04-05-2013,424541604,5/17/2013,150,651.21,524.96,97681.5,78744,18937.5
Europe,Czech Republic,Household,Online,L,8/25/2014,571161448,9/30/2014,8220,668.27,502.54,5493179.4,4130878.8,1362300.6
Middle East and North Africa,Afghanistan,Vegetables,Online,M,08-04-2011,292788922,09-08-2011,1603,154.06,90.93,246958.18,145760.79,101197.39
Sub-Saharan Africa,Central African Republic,Cosmetics,Online,L,06-05-2014,851972854,06-10-2014,6555,437.2,263.33,2865846,1726128.15,1139717.85
Central America and the Caribbean,Guatemala,Personal Care,Offline,C,11-05-2011,431574571,11/29/2011,1361,81.73,56.67,111234.53,77127.87,34106.66
Sub-Saharan Africa,Swaziland,Cereal,Offline,C,7/13/2012,884767901,7/20/2012,1338,205.7,117.11,275226.6,156693.18,118533.42
Europe,Netherlands,Beverages,Online,H,02-04-2011,985039174,03-10-2011,3836,47.45,31.79,182018.2,121946.44,60071.76
Central America and the Caribbean,Costa Rica,Office Supplies,Offline,M,7/23/2014,476187217,8/15/2014,3234,651.21,524.96,2106013.14,1697720.64,408292.5
Europe,Romania,Clothes,Online,H,11/16/2015,522323358,11/20/2015,5944,109.28,35.84,649560.32,213032.96,436527.36
Sub-Saharan Africa,Cameroon,Baby Food,Online,H,11-04-2012,557871425,12/22/2012,5407,255.28,159.42,1380298.96,861983.94,518315.02
Sub-Saharan Africa,Republic of the Congo,Cosmetics,Online,M,11/25/2011,537567746,12/30/2011,7097,437.2,263.33,3102808.4,1868853.01,1233955.39
Europe,Latvia,Vegetables,Offline,M,10-05-2016,486461150,11/13/2016,3519,154.06,90.93,542137.14,319982.67,222154.47
Europe,Slovenia,Cosmetics,Online,M,1/24/2017,949912965,03-06-2017,9210,437.2,263.33,4026612,2425269.3,1601342.7
Asia,Turkmenistan,Personal Care,Offline,C,11/14/2014,743597018,11/29/2014,5737,81.73,56.67,468885.01,325115.79,143769.22
Europe,France,Fruits,Online,L,4/20/2013,103499639,06-06-2013,6698,9.33,6.92,62492.34,46350.16,16142.18
Central America and the Caribbean,Barbados,Beverages,Offline,C,10-03-2012,235919654,10/13/2012,2723,47.45,31.79,129206.35,86564.17,42642.18
Asia,Nepal,Baby Food,Online,C,9/17/2014,167468392,10/29/2014,6474,255.28,159.42,1652682.72,1032085.08,620597.64
Central America and the Caribbean,Nicaragua,Cereal,Online,C,05-02-2010,795069682,5/19/2010,7642,205.7,117.11,1571959.4,894954.62,677004.78
Sub-Saharan Africa,Ghana,Meat,Offline,L,08-01-2014,835959851,8/27/2014,7952,421.89,364.69,3354869.28,2900014.88,454854.4
Europe,Slovakia,Personal Care,Offline,C,12/23/2016,877687728,02-07-2017,6158,81.73,56.67,503293.34,348973.86,154319.48
Sub-Saharan Africa,Botswana,Personal Care,Online,L,09-02-2015,228114640,9/16/2015,3046,81.73,56.67,248949.58,172616.82,76332.76
Central America and the Caribbean,Cuba,Clothes,Offline,M,09-01-2013,965414416,9/13/2013,6434,109.28,35.84,703107.52,230594.56,472512.96
Europe,Greece,Baby Food,Offline,H,1/15/2015,288073384,2/16/2015,6171,255.28,159.42,1575332.88,983780.82,591552.06
Central America and the Caribbean,Costa Rica,Meat,Online,H,7/26/2013,864890372,7/28/2013,9136,421.89,364.69,3854387.04,3331807.84,522579.2
Central America and the Caribbean,Saint Kitts and Nevis ,Cereal,Offline,L,8/30/2011,484976708,9/16/2011,4240,205.7,117.11,872168,496546.4,375621.6
Europe,Latvia,Household,Online,H,08-03-2016,607756221,08-11-2016,7426,668.27,502.54,4962573.02,3731862.04,1230710.98
Central America and the Caribbean,Antigua and Barbuda ,Baby Food,Online,C,12/17/2013,512965238,01-07-2014,6668,255.28,159.42,1702207.04,1063012.56,639194.48
Middle East and North Africa,Pakistan,Snacks,Online,C,12/17/2016,450652587,1/25/2017,6970,152.58,97.44,1063482.6,679156.8,384325.8
Europe,Liechtenstein,Household,Online,H,2/13/2017,291179597,2/20/2017,5368,668.27,502.54,3587273.36,2697634.72,889638.64
Europe,San Marino,Fruits,Online,L,10/25/2010,875220096,11-06-2010,5930,9.33,6.92,55326.9,41035.6,14291.3
Sub-Saharan Africa,Equatorial Guinea,Clothes,Offline,H,8/20/2010,863760411,8/21/2010,4755,109.28,35.84,519626.4,170419.2,349207.2
Sub-Saharan Africa,Rwanda,Snacks,Offline,H,4/23/2011,788099372,05-05-2011,4972,152.58,97.44,758627.76,484471.68,274156.08
Europe,Greece,Household,Offline,C,03-11-2016,799848306,4/23/2016,1743,668.27,502.54,1164794.61,875927.22,288867.39
Middle East and North Africa,Somalia,Meat,Online,M,10-12-2010,220931041,11/13/2010,7259,421.89,364.69,3062499.51,2647284.71,415214.8
Europe,Czech Republic,Meat,Offline,M,12-05-2011,693583905,01-06-2012,5745,421.89,364.69,2423758.05,2095144.05,328614
Sub-Saharan Africa,Rwanda,Clothes,Online,C,1/14/2011,330355727,2/14/2011,8456,109.28,35.84,924071.68,303063.04,621008.64
Australia and Oceania,East Timor,Cosmetics,Offline,H,9/27/2015,464107835,10/29/2015,8677,437.2,263.33,3793584.4,2284914.41,1508669.99
Asia,Mongolia,Snacks,Offline,C,10-12-2015,698014056,11-07-2015,6726,152.58,97.44,1026253.08,655381.44,370871.64
Sub-Saharan Africa,Democratic Republic of the Congo,Office Supplies,Offline,L,2/14/2017,255560719,03-05-2017,4951,651.21,524.96,3224140.71,2599076.96,625063.75
Central America and the Caribbean,Panama,Clothes,Online,H,06-12-2015,230546653,6/14/2015,2733,109.28,35.84,298662.24,97950.72,200711.52
Europe,Sweden,Meat,Online,C,1/18/2015,437083184,2/19/2015,1482,421.89,364.69,625240.98,540470.58,84770.4
Europe,Macedonia,Vegetables,Offline,C,07-10-2017,759594142,07-12-2017,9641,154.06,90.93,1485292.46,876656.13,608636.33
Europe,Denmark,Household,Online,L,5/16/2010,702815854,06-06-2010,7684,668.27,502.54,5134986.68,3861517.36,1273469.32
Central America and the Caribbean,Haiti,Cereal,Offline,H,3/30/2016,741797149,05-03-2016,3116,205.7,117.11,640961.2,364914.76,276046.44
Europe,Sweden,Snacks,Online,C,06-01-2013,971899354,06-01-2013,5471,152.58,97.44,834765.18,533094.24,301670.94
Central America and the Caribbean,Saint Lucia,Vegetables,Online,M,4/22/2015,658796298,05-09-2015,1319,154.06,90.93,203205.14,119936.67,83268.47
Central America and the Caribbean,Barbados,Personal Care,Online,L,09-05-2013,488474309,10/21/2013,9258,81.73,56.67,756656.34,524650.86,232005.48
Middle East and North Africa,Jordan,Baby Food,Offline,L,9/22/2012,317232215,10/27/2012,4917,255.28,159.42,1255211.76,783868.14,471343.62
Europe,Czech Republic,Office Supplies,Online,M,2/16/2010,521681344,04-03-2010,5957,651.21,524.96,3879257.97,3127186.72,752071.25
Middle East and North Africa,Iran,Beverages,Online,L,12/28/2015,648745524,1/27/2016,7072,47.45,31.79,335566.4,224818.88,110747.52
Sub-Saharan Africa,Namibia,Vegetables,Offline,C,03-11-2011,765661084,03-12-2011,4984,154.06,90.93,767835.04,453195.12,314639.92
Sub-Saharan Africa,Guinea,Household,Online,L,10-03-2011,109976851,10/14/2011,3449,668.27,502.54,2304863.23,1733260.46,571602.77
Europe,Iceland,Office Supplies,Offline,L,1/18/2012,239554154,2/13/2012,8253,651.21,524.96,5374436.13,4332494.88,1041941.25
Europe,Lithuania,Office Supplies,Online,M,4/17/2011,982566821,06-05-2011,2212,651.21,524.96,1440476.52,1161211.52,279265
Europe,United Kingdom,Cosmetics,Online,C,05-05-2017,887501180,6/20/2017,176,437.2,263.33,76947.2,46346.08,30601.12
Sub-Saharan Africa,Ghana,Fruits,Online,M,8/14/2012,373156058,09-05-2012,4025,9.33,6.92,37553.25,27853,9700.25
Asia,Laos,Baby Food,Online,H,11/23/2010,378642785,01-10-2011,7669,255.28,159.42,1957742.32,1222591.98,735150.34
Sub-Saharan Africa,The Gambia,Baby Food,Online,C,8/25/2015,113385188,9/23/2015,2052,255.28,159.42,523834.56,327129.84,196704.72
Asia,South Korea,Cosmetics,Offline,H,04-11-2016,207119596,5/16/2016,146,437.2,263.33,63831.2,38446.18,25385.02
Central America and the Caribbean,Belize,Cereal,Offline,C,08-11-2014,459894835,09-05-2014,1957,205.7,117.11,402554.9,229184.27,173370.63
Sub-Saharan Africa,Madagascar,Personal Care,Online,M,07-12-2013,292072236,08-01-2013,9520,81.73,56.67,778069.6,539498.4,238571.2
Central America and the Caribbean,Jamaica,Snacks,Offline,H,3/15/2013,994325625,4/15/2013,1904,152.58,97.44,290512.32,185525.76,104986.56
Sub-Saharan Africa,Niger,Clothes,Offline,M,11-11-2014,777641332,12-10-2014,206,109.28,35.84,22511.68,7383.04,15128.64
Central America and the Caribbean,Grenada,Vegetables,Offline,H,01-06-2017,623318183,02-03-2017,2557,154.06,90.93,393931.42,232508.01,161423.41
Australia and Oceania,Samoa ,Cosmetics,Online,H,09-01-2011,232967507,09-01-2011,9117,437.2,263.33,3985952.4,2400779.61,1585172.79
Europe,Macedonia,Fruits,Online,H,10/25/2010,278513133,11-05-2010,7080,9.33,6.92,66056.4,48993.6,17062.8
Europe,Albania,Baby Food,Offline,L,5/18/2012,152191388,6/22/2012,5669,255.28,159.42,1447182.32,903751.98,543430.34
Middle East and North Africa,United Arab Emirates,Cosmetics,Online,H,7/22/2011,216551101,8/29/2011,1138,437.2,263.33,497533.6,299669.54,197864.06
Asia,Brunei,Cosmetics,Offline,L,03-05-2012,454453599,4/21/2012,1774,437.2,263.33,775592.8,467147.42,308445.38
North America,United States of America,Office Supplies,Offline,C,05-10-2015,919072711,06-07-2015,2894,651.21,524.96,1884601.74,1519234.24,365367.5
Middle East and North Africa,Jordan,Household,Offline,C,05-03-2015,502860820,5/21/2015,6546,668.27,502.54,4374495.42,3289626.84,1084868.58
Europe,Iceland,Cosmetics,Online,M,1/27/2011,878614270,2/17/2011,342,437.2,263.33,149522.4,90058.86,59463.54
Asia,South Korea,Cosmetics,Offline,C,08-09-2015,158330428,8/25/2015,2347,437.2,263.33,1026108.4,618035.51,408072.89
Asia,Philippines,Clothes,Online,M,12-08-2011,349870622,1/23/2012,3347,109.28,35.84,365760.16,119956.48,245803.68
Sub-Saharan Africa,Guinea,Cosmetics,Online,M,8/26/2010,831408679,10-02-2010,1159,437.2,263.33,506714.8,305199.47,201515.33
Middle East and North Africa,Qatar,Office Supplies,Online,H,10/26/2015,601430928,11/26/2015,5632,651.21,524.96,3667614.72,2956574.72,711040
Asia,Brunei,Household,Online,M,8/22/2013,528736197,8/31/2013,3645,668.27,502.54,2435844.15,1831758.3,604085.85
Central America and the Caribbean,Belize,Clothes,Online,C,02-09-2014,202435815,2/24/2014,4111,109.28,35.84,449250.08,147338.24,301911.84
Sub-Saharan Africa,Republic of the Congo,Meat,Offline,C,11/30/2016,181953608,12/31/2016,2971,421.89,364.69,1253435.19,1083493.99,169941.2
Middle East and North Africa,Egypt,Clothes,Offline,M,3/30/2015,647025907,3/30/2015,8199,109.28,35.84,895986.72,293852.16,602134.56
Asia,Kazakhstan,Cosmetics,Offline,C,9/13/2014,947701537,9/20/2014,4800,437.2,263.33,2098560,1263984,834576
Europe,Denmark,Vegetables,Offline,H,5/23/2014,954341828,07-11-2014,9809,154.06,90.93,1511174.54,891932.37,619242.17
Europe,Moldova ,Beverages,Online,H,09-12-2010,607620608,9/20/2010,7296,47.45,31.79,346195.2,231939.84,114255.36
Central America and the Caribbean,Guatemala,Fruits,Offline,C,3/16/2016,368524205,4/21/2016,3357,9.33,6.92,31320.81,23230.44,8090.37
North America,United States of America,Snacks,Online,M,6/30/2010,768351447,7/17/2010,1123,152.58,97.44,171347.34,109425.12,61922.22
Sub-Saharan Africa,Madagascar,Snacks,Offline,M,1/27/2012,158713662,1/28/2012,5754,152.58,97.44,877945.32,560669.76,317275.56
Europe,Cyprus,Personal Care,Online,L,01-02-2014,561534678,1/29/2014,9445,81.73,56.67,771939.85,535248.15,236691.7
Australia and Oceania,Nauru,Fruits,Offline,L,06-05-2010,919050824,7/21/2010,6417,9.33,6.92,59870.61,44405.64,15464.97
Australia and Oceania,East Timor,Snacks,Online,C,6/18/2015,243810927,08-04-2015,7926,152.58,97.44,1209349.08,772309.44,437039.64
Europe,Hungary,Vegetables,Offline,L,01-06-2014,768676316,02-08-2014,7259,154.06,90.93,1118321.54,660060.87,458260.67
Sub-Saharan Africa,Liberia,Snacks,Online,C,12/27/2010,296820819,02-10-2011,4731,152.58,97.44,721855.98,460988.64,260867.34
Central America and the Caribbean,Grenada,Beverages,Offline,C,05-04-2012,751730763,06-11-2012,2693,47.45,31.79,127782.85,85610.47,42172.38
Central America and the Caribbean,Dominican Republic,Meat,Online,L,9/29/2013,527204978,10-03-2013,523,421.89,364.69,220648.47,190732.87,29915.6
Europe,Norway,Cosmetics,Offline,L,12-09-2011,337354791,1/28/2012,9634,437.2,263.33,4211984.8,2536921.22,1675063.58
Middle East and North Africa,Tunisia ,Clothes,Online,M,1/28/2016,966604030,2/16/2016,8467,109.28,35.84,925273.76,303457.28,621816.48
Australia and Oceania,Papua New Guinea,Office Supplies,Offline,L,8/30/2013,119689023,9/19/2013,7497,651.21,524.96,4882121.37,3935625.12,946496.25
Australia and Oceania,Federated States of Micronesia,Baby Food,Offline,H,3/16/2012,971658599,05-03-2012,4227,255.28,159.42,1079068.56,673868.34,405200.22
Europe,Norway,Meat,Offline,M,09-12-2012,917874085,9/23/2012,8194,421.89,364.69,3456966.66,2988269.86,468696.8
Asia,Sri Lanka,Personal Care,Offline,H,5/31/2013,124009311,06-08-2013,5966,81.73,56.67,487601.18,338093.22,149507.96
Europe,Poland,Cereal,Online,C,09-08-2013,176050603,10/28/2013,6140,205.7,117.11,1262998,719055.4,543942.6
Europe,Lithuania,Meat,Offline,C,2/20/2010,930296790,3/26/2010,4348,421.89,364.69,1834377.72,1585672.12,248705.6
Sub-Saharan Africa,Guinea-Bissau,Personal Care,Online,M,08-06-2015,963359200,8/30/2015,8250,81.73,56.67,674272.5,467527.5,206745
Sub-Saharan Africa,Ghana,Meat,Offline,L,06-10-2017,722161662,6/29/2017,2539,421.89,364.69,1071178.71,925947.91,145230.8
Europe,Romania,Cereal,Online,L,9/14/2011,273940503,10/19/2011,3937,205.7,117.11,809840.9,461062.07,348778.83
Europe,Greece,Fruits,Offline,C,5/28/2014,656244552,6/19/2014,6201,9.33,6.92,57855.33,42910.92,14944.41
Sub-Saharan Africa,Namibia,Personal Care,Offline,M,05-03-2012,726935136,6/19/2012,5116,81.73,56.67,418130.68,289923.72,128206.96
Central America and the Caribbean,Nicaragua,Beverages,Online,L,4/19/2012,314186084,4/30/2012,3499,47.45,31.79,166027.55,111233.21,54794.34
Europe,Macedonia,Household,Online,C,7/28/2014,666483724,8/31/2014,6199,668.27,502.54,4142605.73,3115245.46,1027360.27
Middle East and North Africa,Saudi Arabia,Meat,Online,C,9/19/2016,402626883,10-08-2016,5097,421.89,364.69,2150373.33,1858824.93,291548.4
Asia,China,Clothes,Online,M,5/14/2017,461726891,6/19/2017,4103,109.28,35.84,448375.84,147051.52,301324.32
Asia,Sri Lanka,Snacks,Offline,L,06-04-2012,953207576,7/15/2012,4159,152.58,97.44,634580.22,405252.96,229327.26
Sub-Saharan Africa,Chad,Baby Food,Online,L,01-04-2014,706805264,01-07-2014,8239,255.28,159.42,2103251.92,1313461.38,789790.54
Europe,Malta,Meat,Online,H,5/15/2016,422568786,6/17/2016,6349,421.89,364.69,2678579.61,2315416.81,363162.8
Sub-Saharan Africa,The Gambia,Vegetables,Offline,L,10/28/2014,420859467,10/28/2014,524,154.06,90.93,80727.44,47647.32,33080.12
Central America and the Caribbean,Guatemala,Personal Care,Offline,C,02-08-2017,192351138,2/24/2017,9831,81.73,56.67,803487.63,557122.77,246364.86
Sub-Saharan Africa,Equatorial Guinea,Vegetables,Online,H,11/17/2016,648030126,11/19/2016,5370,154.06,90.93,827302.2,488294.1,339008.1
Europe,Denmark,Vegetables,Online,L,8/26/2012,969195258,9/17/2012,5269,154.06,90.93,811742.14,479110.17,332631.97
Europe,Netherlands,Office Supplies,Online,C,7/29/2011,857457864,9/16/2011,9691,651.21,524.96,6310876.11,5087387.36,1223488.75
North America,Canada,Office Supplies,Online,M,6/29/2010,984741771,8/13/2010,5828,651.21,524.96,3795251.88,3059466.88,735785
Australia and Oceania,East Timor,Snacks,Online,H,11/26/2014,743283307,01-04-2015,2903,152.58,97.44,442939.74,282868.32,160071.42
Europe,Hungary,Vegetables,Online,M,06-05-2012,495631301,7/18/2012,7171,154.06,90.93,1104764.26,652059.03,452705.23
Europe,Slovakia,Office Supplies,Offline,H,6/23/2014,224647080,7/30/2014,6918,651.21,524.96,4505070.78,3631673.28,873397.5
Europe,Armenia,Office Supplies,Offline,H,08-03-2014,883504474,09-08-2014,7462,651.21,524.96,4859329.02,3917251.52,942077.5
Sub-Saharan Africa,Botswana,Clothes,Online,C,12-09-2014,345689809,12/28/2014,6151,109.28,35.84,672181.28,220451.84,451729.44
Australia and Oceania,Federated States of Micronesia,Clothes,Online,M,12/26/2014,155001914,12/30/2014,7366,109.28,35.84,804956.48,263997.44,540959.04
Europe,Austria,Office Supplies,Offline,C,04-03-2015,575552117,4/26/2015,7516,651.21,524.96,4894494.36,3945599.36,948895
Europe,Andorra,Baby Food,Offline,H,7/15/2013,141764247,8/29/2013,46,255.28,159.42,11742.88,7333.32,4409.56
Europe,Italy,Vegetables,Offline,M,04-11-2016,608374631,04-12-2016,428,154.06,90.93,65937.68,38918.04,27019.64
Europe,Portugal,Household,Online,L,1/17/2012,200432097,1/31/2012,1167,668.27,502.54,779871.09,586464.18,193406.91
Middle East and North Africa,United Arab Emirates,Household,Online,L,03-10-2013,363297975,3/27/2013,6799,668.27,502.54,4543567.73,3416769.46,1126798.27
Australia and Oceania,Australia,Cosmetics,Offline,L,3/16/2014,812646090,4/17/2014,8892,437.2,263.33,3887582.4,2341530.36,1546052.04
Europe,Romania,Snacks,Offline,M,8/21/2010,884462773,10-05-2010,1044,152.58,97.44,159293.52,101727.36,57566.16
Europe,Czech Republic,Office Supplies,Offline,M,6/19/2010,885046851,7/19/2010,3886,651.21,524.96,2530602.06,2039994.56,490607.5
Sub-Saharan Africa,Mali,Vegetables,Offline,L,2/25/2015,741009652,3/21/2015,78,154.06,90.93,12016.68,7092.54,4924.14
Central America and the Caribbean,Guatemala,Fruits,Online,M,11/18/2015,449275004,11/21/2015,9313,9.33,6.92,86890.29,64445.96,22444.33
Europe,Czech Republic,Vegetables,Online,M,6/14/2012,527079236,6/20/2012,3314,154.06,90.93,510554.84,301342.02,209212.82
Australia and Oceania,Marshall Islands,Cosmetics,Offline,L,02-09-2017,661971175,2/18/2017,836,437.2,263.33,365499.2,220143.88,145355.32
Europe,Denmark,Clothes,Online,C,11-09-2012,161812150,11-12-2012,2666,109.28,35.84,291340.48,95549.44,195791.04
Sub-Saharan Africa,Gabon,Office Supplies,Online,L,04-12-2010,204775989,4/29/2010,6620,651.21,524.96,4311010.2,3475235.2,835775
Europe,Hungary,Cosmetics,Offline,H,06-10-2013,689349019,7/23/2013,2548,437.2,263.33,1113985.6,670964.84,443020.76
Sub-Saharan Africa,Democratic Republic of the Congo,Cosmetics,Offline,H,2/15/2016,684330070,2/25/2016,7330,437.2,263.33,3204676,1930208.9,1274467.1
Middle East and North Africa,Syria,Cereal,Online,M,03-02-2013,678830468,3/15/2013,9876,205.7,117.11,2031493.2,1156578.36,874914.84
Sub-Saharan Africa,Ghana,Baby Food,Offline,H,11-03-2011,332274043,12-05-2011,6128,255.28,159.42,1564355.84,976925.76,587430.08
Asia,Bhutan,Personal Care,Online,M,11/23/2012,724397122,12-07-2012,4061,81.73,56.67,331905.53,230136.87,101768.66
Asia,Laos,Personal Care,Online,H,5/16/2014,305248534,6/26/2014,8679,81.73,56.67,709334.67,491838.93,217495.74
Australia and Oceania,Nauru,Meat,Offline,M,5/17/2015,745189607,5/26/2015,7019,421.89,364.69,2961245.91,2559759.11,401486.8
Asia,Kazakhstan,Cereal,Offline,H,04-11-2012,184894168,4/16/2012,3148,205.7,117.11,647543.6,368662.28,278881.32
Central America and the Caribbean,Panama,Household,Online,C,02-06-2010,885348546,03-04-2010,3164,668.27,502.54,2114406.28,1590036.56,524369.72
Europe,Italy,Household,Offline,M,2/22/2011,677851569,03-02-2011,198,668.27,502.54,132317.46,99502.92,32814.54
Sub-Saharan Africa,Senegal,Vegetables,Online,L,03-11-2011,614014565,3/13/2011,9410,154.06,90.93,1449704.6,855651.3,594053.3
Asia,Bangladesh,Baby Food,Online,C,11/19/2010,915761363,01-03-2011,2992,255.28,159.42,763797.76,476984.64,286813.12
Sub-Saharan Africa,Benin,Clothes,Online,H,12-04-2011,525328290,01-11-2012,5170,109.28,35.84,564977.6,185292.8,379684.8
Asia,Mongolia,Household,Offline,M,4/19/2013,255264174,05-10-2013,7197,668.27,502.54,4809539.19,3616780.38,1192758.81
Europe,Hungary,Clothes,Offline,H,1/21/2015,538430345,03-10-2015,2359,109.28,35.84,257791.52,84546.56,173244.96
Asia,Kazakhstan,Beverages,Online,C,07-09-2014,978000628,7/16/2014,974,47.45,31.79,46216.3,30963.46,15252.84
Europe,Switzerland,Beverages,Online,H,1/30/2010,797461354,02-05-2010,5391,47.45,31.79,255802.95,171379.89,84423.06
Central America and the Caribbean,Barbados,Clothes,Offline,C,7/23/2012,190611350,8/29/2012,4989,109.28,35.84,545197.92,178805.76,366392.16
Sub-Saharan Africa,Tanzania,Snacks,Online,M,02-11-2011,771561944,2/15/2011,1180,152.58,97.44,180044.4,114979.2,65065.2
Central America and the Caribbean,Belize,Baby Food,Online,L,11/26/2014,624736964,11/28/2014,2406,255.28,159.42,614203.68,383564.52,230639.16
Central America and the Caribbean,Barbados,Personal Care,Online,H,06-09-2011,154872739,7/20/2011,9140,81.73,56.67,747012.2,517963.8,229048.4
Middle East and North Africa,Somalia,Cosmetics,Online,H,10/14/2015,737018096,10/27/2015,8888,437.2,263.33,3885833.6,2340477.04,1545356.56
Sub-Saharan Africa,Niger,Baby Food,Offline,C,10/19/2013,666534364,11/18/2013,1185,255.28,159.42,302506.8,188912.7,113594.1
Australia and Oceania,Tuvalu,Personal Care,Offline,C,4/30/2011,109095370,06-06-2011,2599,81.73,56.67,212416.27,147285.33,65130.94
Middle East and North Africa,Syria,Snacks,Offline,M,04-11-2015,650687444,5/28/2015,1729,152.58,97.44,263810.82,168473.76,95337.06
Europe,Switzerland,Cosmetics,Offline,C,09-10-2014,347609412,9/17/2014,4205,437.2,263.33,1838426,1107302.65,731123.35
Central America and the Caribbean,Grenada,Office Supplies,Offline,C,10/30/2014,476472604,12-01-2014,7687,651.21,524.96,5005851.27,4035367.52,970483.75
Sub-Saharan Africa,Republic of the Congo,Clothes,Online,C,8/25/2010,584200847,9/13/2010,6868,109.28,35.84,750535.04,246149.12,504385.92
Australia and Oceania,Nauru,Beverages,Offline,M,4/27/2013,738030469,5/31/2013,8471,47.45,31.79,401948.95,269293.09,132655.86
Sub-Saharan Africa,Lesotho,Snacks,Online,H,2/23/2016,175510299,3/23/2016,6252,152.58,97.44,953930.16,609194.88,344735.28
Central America and the Caribbean,El Salvador,Fruits,Offline,M,6/30/2013,454501664,7/18/2013,5997,9.33,6.92,55952.01,41499.24,14452.77
Middle East and North Africa,Afghanistan,Snacks,Offline,M,2/29/2012,503178393,03-06-2012,523,152.58,97.44,79799.34,50961.12,28838.22
Asia,Myanmar,Baby Food,Online,M,06-06-2012,670026814,6/15/2012,4679,255.28,159.42,1194455.12,745926.18,448528.94
Europe,Russia,Personal Care,Offline,H,11-12-2011,473845756,12/16/2011,344,81.73,56.67,28115.12,19494.48,8620.64
Middle East and North Africa,Qatar,Clothes,Online,L,8/29/2016,853746545,10/15/2016,1430,109.28,35.84,156270.4,51251.2,105019.2
Sub-Saharan Africa,Cameroon,Beverages,Offline,L,2/27/2015,119153010,03-05-2015,8878,47.45,31.79,421261.1,282231.62,139029.48
Asia,Malaysia,Office Supplies,Offline,L,11/25/2011,699801480,12/26/2011,5664,651.21,524.96,3688453.44,2973373.44,715080
Australia and Oceania,Samoa ,Meat,Online,C,04-12-2016,595740783,5/13/2016,1791,421.89,364.69,755604.99,653159.79,102445.2
Sub-Saharan Africa,Zambia,Cereal,Online,M,1/16/2016,127332246,02-11-2016,9296,205.7,117.11,1912187.2,1088654.56,823532.64
Sub-Saharan Africa,Gabon,Office Supplies,Online,M,05-09-2011,585249698,06-05-2011,7246,651.21,524.96,4718667.66,3803860.16,914807.5
Europe,Belarus,Vegetables,Online,C,01-05-2011,180479466,01-12-2011,6740,154.06,90.93,1038364.4,612868.2,425496.2
Sub-Saharan Africa,Chad,Snacks,Offline,M,7/16/2013,794320380,08-12-2013,5907,152.58,97.44,901290.06,575578.08,325711.98
Asia,Indonesia,Personal Care,Offline,L,12-05-2010,328383767,12/18/2010,4909,81.73,56.67,401212.57,278193.03,123019.54
Sub-Saharan Africa,Eritrea,Office Supplies,Online,H,03-07-2015,354593455,04-03-2015,938,651.21,524.96,610834.98,492412.48,118422.5
Middle East and North Africa,Iran,Beverages,Offline,H,8/21/2016,265185773,10-05-2016,3218,47.45,31.79,152694.1,102300.22,50393.88
Asia,South Korea,Clothes,Online,M,07-03-2010,422709548,08-04-2010,8004,109.28,35.84,874677.12,286863.36,587813.76
Asia,Cambodia,Vegetables,Offline,L,10-03-2015,810026109,10/18/2015,3581,154.06,90.93,551688.86,325620.33,226068.53
Asia,Laos,Cosmetics,Offline,L,10/13/2010,580309283,10/25/2010,5268,437.2,263.33,2303169.6,1387222.44,915947.16
Asia,Sri Lanka,Office Supplies,Online,C,12-01-2012,307045400,12-02-2012,412,651.21,524.96,268298.52,216283.52,52015
Europe,Norway,Personal Care,Offline,M,1/14/2014,634033286,1/15/2014,3394,81.73,56.67,277391.62,192337.98,85053.64
Middle East and North Africa,United Arab Emirates,Household,Online,H,8/31/2014,925384271,10-12-2014,625,668.27,502.54,417668.75,314087.5,103581.25
Asia,Thailand,Snacks,Online,C,08-08-2012,615522181,9/20/2012,5547,152.58,97.44,846361.26,540499.68,305861.58
Europe,Ukraine,Cereal,Offline,L,4/14/2014,559183347,5/21/2014,3633,205.7,117.11,747308.1,425460.63,321847.47
Europe,Armenia,Meat,Offline,M,11-09-2015,781416594,12/23/2015,7390,421.89,364.69,3117767.1,2695059.1,422708
Middle East and North Africa,Iran,Clothes,Offline,L,07-11-2014,927583253,8/30/2014,1352,109.28,35.84,147746.56,48455.68,99290.88
Europe,Denmark,Clothes,Offline,H,05-09-2012,713357150,06-03-2012,7088,109.28,35.84,774576.64,254033.92,520542.72
Sub-Saharan Africa,Liberia,Cosmetics,Offline,M,6/17/2012,374724614,6/23/2012,8195,437.2,263.33,3582854,2157989.35,1424864.65
Australia and Oceania,New Zealand,Household,Offline,C,04-03-2015,217984473,4/20/2015,5305,668.27,502.54,3545172.35,2665974.7,879197.65
Middle East and North Africa,Azerbaijan,Clothes,Offline,L,8/17/2014,169748055,10-02-2014,1077,109.28,35.84,117694.56,38599.68,79094.88
Asia,Myanmar,Baby Food,Offline,H,11/23/2016,226939189,12-10-2016,5204,255.28,159.42,1328477.12,829621.68,498855.44
Europe,Finland,Clothes,Online,L,4/22/2014,906794202,05-11-2014,9410,109.28,35.84,1028324.8,337254.4,691070.4
Sub-Saharan Africa,Tanzania,Vegetables,Online,L,07-08-2011,996861922,08-07-2011,2450,154.06,90.93,377447,222778.5,154668.5
